2934 4892
788 495 876 576 26'

330 755 462 809 tentum
489 741 702 832 eportibus,
728 743 826 827 longe
849 765 942 832 saepe
967 766 986 806 a
1009 765 1042 808 se
1065 744 1212 814 invicem
1237 769 1292 812 re

326 878 450 974 motis,
478 890 677 944 constarent.

369 1015 458 1080 Talis
480 1013 550 1080 fere
575 1013 710 1081 Saeculo
729 1014 826 1079 Xll¹¹¹⁰
849 1027 921 1080 eret
943 1016 1121 1081 comitatus
1146 1017 1290 1103 judicio-

270 1133 272 1141 *
326 1171 405 1215 rum
441 1149 610 1234 conditio;
649 1147 847 1234 regulariter
877 1152 948 1233 jam
993 1171 1110 1216 curam
1142 1151 1291 1238 justitiae

324 1285 525 1351 exercendae
548 1283 699 1350 remittet
721 1282 838 1352 Comes
861 1283 900 1349 V
896 1289 1055 1351 wccmmts
1069 1285 1172 1352 etiem
1193 1287 1291 1373 libes

323 1445 436 1489 rosum
462 1422 582 1492 Gemits'
595 1422 697 1488 dicto.
717 1419 842 1511 (Kindl.
866 1422 980 1510 111,p.
1006 1425 1068 1486 190
1096 1421 1180 1511 sqq.)

368 1561 416 1625 De
448 1557 568 1647 quibus
595 1570 690 1622 entes
725 1569 860 1622 tuntum
891 1557 1036 1627 Comites
1057 1546 1125 1649 ipsi
1146 1571 1292 1626 statuere

267 1787 269 1794 y
323 1707 479 1786 poterent
506 1717 538 1762 v.
566 1717 604 1788 c,
630 1693 764 1779 dejure
785 1679 951 1773 dominii,
984 1695 1025 1760 de
1050 1694 1206 1761 libertate
1225 1707 1312 1762 etc.'

322 1832 363 1896 de
374 1832 425 1906 ,iis
445 1853 537 1897 nunc
556 1831 657 1908 etiam
676 1818 896 1898 Vicecomitei
907 1841 1072 1897 statuunt:
1087 1846 1291 1918 cognoscunt

321 1957 413 2035 nnnc
428 1969 468 2034 de
490 1966 646 2035 omnibus
666 1965 868 2032 criminibus
894 1970 964 2033 uin
985 1969 1170 2056 majoribus
1190 1993 1291 2058 quam

320 2105 532 2192 minoribus,
558 2105 629 2180 sine
660 2067 731 2170 ulla
762 2105 978 2172 distinctione
1006 2129 1056 2170 an·
1074 2076 1209 2197 publice
1231 2117 1291 2170 ant

318 2253 563 2314 secretetessent
585 2241 758 2308 commissa
785 2253 819 2306 et
842 2215 985 2328 quidem¹
1005 2245 1040 2306 in
1060 2243 1198 2328 placitos
1225 2244 1290 2306 ciii·

274 2449 275 2454 ,
314 2379 490 2469 galeribus
524 2377 710 2455 comitum,
748 2397 855 2462 quum
890 2387 985 2444 antec
1014 2376 1053 2441 in
1082 2376 1123 2442 iis
1156 2389 1291 2444 tuntum

318 2516 437 2582 delicte
462 2525 578 2580 contre
607 2509 807 2594 religionem
826 2512 880 2578 vel
895 2534 1007 2595 regem
1029 2511 1204 2611 commissa
1225 2517 1289 2599 ju-

316 2649 529 2715 dicarentur:
559 2660 684 2713 caetera
708 2648 841 2715 veroin
860 2650 985 2735 placito
1004 2653 1169 2739 generali.
1191 2649 1290 2716 Ratio

315 2788 420 2870 hujus
439 2785 636 2853 mutationis
658 2784 786 2875 partim
809 2785 889 2850 inde·
905 2785 1110 2872 quaerenda,
1127 2785 1217 2872 quod
1230 2784 1289 2869 hi,

315 2924 375 3013 qui
403 2923 569 3007 flagitium
591 2922 853 3006 commisissent,
872 2924 1073 3013 plerumque
1092 2897 1131 2988 in
1156 2924 1290 3013 placitis

315 3059 522 3146 generalibus
534 3082 567 3126 se
588 3060 702 3126 sistere
715 3084 787 3127 non
808 3059 880 3125 susi
903 3060 993 3139 sint,
1019 3072 1068 3125 nst
1080 3082 1158 3146 ergo
1179 3061 1220 3126 de
1235 3060 1288 3126 in·

316 3195 444 3260 dustria
483 3195 525 3260 sd
563 3197 724 3287 placitum
760 3196 930 3282 singulare
958 3196 1057 3262 citeri
1087 3194 1288 3279 debuerint,

315 3331 406 3419 quod
440 3353 520 3396 cum
554 3353 686 3422 semper
712 3331 783 3398 sere
808 3331 997 3409 accideret,
1024 3332 1131 3398 moris
1152 3332 1289 3398 tandem
1340 3357 1344 3366 ·

315 3467 418 3535 evasit
438 3480 478 3533 ut
503 3491 572 3534 non
596 3469 741 3559 emplius
757 3469 913 3540 'crimine
935 3467 974 3533 in
999 3470 1124 3558 placito
1142 3469 1289 3554 generali

288 3603 606 3690 dijudicarentur:
646 3593 775 3702 purtim
813 3608 914 3672 etiam
944 3607 1031 3672 hanc
1062 3605 1105 3672 ob
1135 3628 1287 3710 seusam,
1337 3579 1343 3599 ¹

314 3742 405 3829 quod
425 3743 516 3814 Laici
545 3742 621 3826 illi,
653 3745 713 3831 qui
734 3730 873 3810 Clerum
894 3718 1133 3839 sequerentur,
1165 3741 1289 3809 Vrsnlli

314 3891 348 3944 et
370 3881 636 3971 Municipicrum
667 3883 796 3949 incolae
817 3907 887 3949 non
910 3885 1056 3974 amplius
1078 3885 1115 3949 in
1137 3882 1288 3967 generale
1320 3898 1323 3902 ⁴
