2934 4892
632 504 674 568 73

172 732 297 799 borum
321 755 513 823 possessores
533 733 674 816 sensim,
692 733 719 797 si
733 712 806 797 rein
820 734 1030 821 venderevel
1044 736 1142 802 alteri
1235 777 1238 785 ·

172 848 305 936 tradere
332 870 473 952 vellent,
507 869 725 934 territorialia
760 870 885 955 judicia
916 870 1070 955 adirent,
1102 884 1143 938 ut

168 1006 211 1071 in
241 1006 284 1071 iis
308 1017 400 1071 setus
421 1006 484 1070 iste
504 1005 661 1071 solemnis
682 1006 796 1071 locum
819 1005 967 1072 haberet.
1014 1008 1143 1075 Caeteri
1244 1081 1248 1088 ,

171 1142 266 1207 enbn
288 1166 357 1207 non
379 1139 478 1207 liberi
502 1141 549 1229 (et
570 1164 665 1231 saepe
680 1141 741 1223 ,his
762 1141 790 1205 ii
812 1164 884 1208 rem
906 1116 1144 1231 aliquam-tra-

170 1279 251 1343 dere
280 1300 408 1343 neeesse
429 1274 609 1365 habebant)
633 1276 731 1343 fscile
752 1278 817 1343 sibi
840 1278 965 1364 fingere
987 1292 1144 1369 poterant

171 1380 308 1479 tentum
330 1414 367 1478 in
387 1416 457 1479 suis
479 1408 742 1488 territorialibds
760 1414 897 1500 judiciis
918 1438 991 1480 rem
1016 1414 1099 1482 bene
1112 1428 1145 1483 et

170 1548 323 1634 legaliter
355 1548 408 1634 agi
437 1572 548 1639 posse,
579 1538 682 1638 quare
715 1547 832 1614 liberis
860 1561 953 1640 saepe
980 1540 1145 1637 denegare

170 1686 352 1776 potuerint
375 1708 417 1750 ne
438 1686 503 1751 hoc
516 1656 564 1749 'sn
582 1686 720 1771 judiciis
743 1684 861 1751 uberis
883 1686 988 1753 fieret.
1025 1688 1147 1753 uume-
1220 1671 1225 1683 '

170 1844 230 1887 rus
252 1832 422 1912 praeterea
447 1844 565 1887 eorum
587 1821 647 1909 qui
668 1821 770 1886 liberi
788 1820 986 1888 dicebantur
1004 1823 1040 1888 in
1055 1824 1145 1889 diem

170 1955 425 2023 diminuebatur
452 1955 515 2021 uti
547 1967 581 2020 et
609 1954 759 2021 conditio
784 1980 909 2027 ‘eorum
941 1960 1081 2048 propria
1113 1971 1147 2025 et

169 2092 368 2184 peculiaris,
400 2092 449 2156 ita
474 2090 611 2178 quidem
638 2104 677 2156 ut
702 2093 824 2157 caeteri
848 2106 881 2158 et
903 2092 972 2159 fere
992 2095 1058 2184 ipsi
1077 2118 1147 2161 non

82 2245 84 2250 '
170 2228 318 2318 amplius
353 2227 602 2312 intelligerent,
640 2206 723 2316 quid
754 2229 937 2295 discrimen
968 2232 1059 2297 inter
1094 2256 1147 2299 eos

169 2365 412 2448 intercederet,
435 2362 525 2428 unde
544 2386 638 2454 saepe
660 2365 698 2430 in
719 2365 960 2455 diplomatibus
977 2372 1064 2457 »qai
1080 2372 1148 2433 ssd-

164 2509 213 2592 g'o
239 2503 337 2567 liben'
358 2525 383 2565 s.
411 2500 550 2588 vrsjeW,
566 2513 741 2567 vocantur.
789 2504 898 2567 Facile
920 2514 1032 2570 temen
1054 2506 1148 2591 judi·
1195 2506 1200 2521 “

170 2636 231 2701 ciis
249 2605 514 2703 ‘territerislibus
538 2636 638 2702 fuisse
660 2638 702 2703 iis
718 2639 988 2725 jurisdictionem
1011 2644 1146 2740 civilem

170 2773 303 2863 eripere
324 2798 394 2842 non
420 2774 574 2857 videtur,
594 2796 664 2840 non
685 2775 753 2839 nisi
766 2776 1044 2867 longo¹temp0ris
1059 2793 1146 2845 trec-

171 2921 210 2974 tu
235 2920 269 2975 et
292 2908 426 2994 liberis,
447 2910 527 2975 licet
550 2910 693 2995 frustra,
727 2913 788 2977 diu
806 2912 1013 2981 obstantibus
1036 2930 1069 2982 et
1089 2942 1147 2983 re·
1250 2970 1253 2984 .

170 3045 358 3129 nitentibus
389 3049 454 3114 h'oc
486 3047 562 3112 fieri
593 3048 718 3137 potuit,
746 3050 794 3114 its
829 3051 985 3138 quidem,
1009 3064 1049 3117 ut
1068 3053 1148 3119 licet
1218 3021 1220 3027 Ι
1259 3084 1260 3089 ’

170 3184 297 3271 judicia
320 3182 427 3250 libera
446 3188 517 3270 jam
538 3194 666 3250 secreta
686 3183 771 3251 faeta
793 3200 899 3253 essent
920 3201 953 3252 et
973 3212 1149 3255 nonnum-

173 3342 274 3406 quam
297 3326 369 3402 jam
386 3318 514 3401 judicia
536 3325 657 3387 vesum
679 3294 897 3403 voearentur,
922 3347 957 3389 ea
976 3337 1088 3391 tamen
1107 3326 1148 3390 ab

172 3453 215 3519 iis
239 3454 357 3527 adhuc¹
372 3453 531 3545 usurpata
556 3456 661 3521 suerit
683 3462 742 3547 (1).

128 3600 131 3611 ,
162 3584 434 3613 r--..--,-..-.-.

209 3651 251 3721 (l)
268 3653 305 3702 stc
322 3653 406 3702 bouum
422 3674 437 3704 s
456 3658 507 3704 cive
523 3639 1038 3724 bertmundisliquutls.1808,vendsbatur
1056 3680 1150 3723 scoram

174 3770 229 3824 toa.
240 3770 303 3819 dieto
321 3770 387 3820 Vaeb
405 3771 479 3820 libers
495 3773 585 3821 Gemite
602 3773 738 3840 boniradii,
758 3776 858 3825 Conrsdi
875 3778 966 3826 comitis
983 3778 1152 3829 Tremouiensls

126 3961 130 3968 Ι
175 3893 290 3933 eteorum
307 3885 409 3936 scabinis
425 3893 515 3938 secreti
529 3888 640 3939 tudicii”
657 3891 740 3940 llindl.
758 3891 838 3959 uti,
856 3892 887 3940 tto
914 3898 981 3962 106,
999 3913 1021 3962 p.
1040 3899 1099 3949 ste.
