<?xml version="1.0" encoding="UTF-8"?>
<!DOCTYPE html PUBLIC "-//W3C//DTD XHTML 1.0 Transitional//EN"
    "http://www.w3.org/TR/xhtml1/DTD/xhtml1-transitional.dtd">
<html xmlns="http://www.w3.org/1999/xhtml" xml:lang="en" lang="en">
 <head>
  <title>
</title>
<meta http-equiv="Content-Type" content="text/html;charset=utf-8" />
  <meta name='ocr-system' content='tesseract 3.04.00' />
  <meta name='ocr-capabilities' content='ocr_page ocr_carea ocr_par ocr_line ocrx_word'/>
</head>
<body>
  <div class='ocr_page' id='page_1' title='image "./dejudiciisvemic00cockgoog_0054.png"; bbox 0 0 2934 4892; ppageno 0'>
   <div class='ocr_carea' id='block_1_1' title="bbox 783 485 825 551">
    <p class='ocr_par' dir='ltr' id='par_1_1' title="bbox 783 485 825 551">
     <span class='ocr_line' id='line_1_1' title="bbox 783 485 825 551; baseline -0.119 0"><span class='ocrx_word' id='word_1_1' title='bbox 783 485 825 551; x_wconf 74' lang='lat'><strong>³8</strong></span> 
     </span>
    </p>
   </div>
   <div class='ocr_carea' id='block_1_2' title="bbox 326 678 1291 804">
    <p class='ocr_par' dir='ltr' id='par_1_2' title="bbox 326 678 1291 804">
     <span class='ocr_line' id='line_1_2' title="bbox 326 678 1291 804; baseline -0.007 -21"><span class='ocrx_word' id='word_1_2' title='bbox 326 721 421 801; x_wconf 85' lang='grc'><strong>1180,</strong></span> <span class='ocrx_word' id='word_1_3' title='bbox 442 727 572 804; x_wconf 80' lang='lat' dir='ltr'><strong>creato,</strong></span> <span class='ocrx_word' id='word_1_4' title='bbox 585 715 680 803; x_wconf 88' lang='lat' dir='ltr'><strong>eique</strong></span> <span class='ocrx_word' id='word_1_5' title='bbox 701 678 903 804; x_wconf 26' lang='lat' dir='ltr'><strong>posteaxjurc</strong></span> <span class='ocrx_word' id='word_1_6' title='bbox 919 735 998 783; x_wconf 85' lang='lat' dir='ltr'><strong>cum</strong></span> <span class='ocrx_word' id='word_1_7' title='bbox 1016 711 1125 778; x_wconf 83' lang='lat' dir='ltr'><strong>banno</strong></span> <span class='ocrx_word' id='word_1_8' title='bbox 1135 712 1225 798; x_wconf 81' lang='lat' dir='ltr'><strong>regio</strong></span> <span class='ocrx_word' id='word_1_9' title='bbox 1234 712 1291 777; x_wconf 89' lang='lat' dir='ltr'><strong>in-</strong></span> 
     </span>
    </p>
   </div>
   <div class='ocr_carea' id='block_1_3' title="bbox 321 825 1290 936">
    <p class='ocr_par' dir='ltr' id='par_1_3' title="bbox 321 825 1290 936">
     <span class='ocr_line' id='line_1_3' title="bbox 321 825 1290 936; baseline -0.011 -15"><span class='ocrx_word' id='word_1_10' title='bbox 321 853 492 924; x_wconf 18' lang='lat' dir='ltr'><strong>vestiendi!</strong></span> <span class='ocrx_word' id='word_1_11' title='bbox 508 852 602 936; x_wconf 79' lang='lat' dir='ltr'><strong>dato,</strong></span> <span class='ocrx_word' id='word_1_12' title='bbox 622 851 724 916; x_wconf 87' lang='lat' dir='ltr'><strong>etiam</strong></span> <span class='ocrx_word' id='word_1_13' title='bbox 750 825 929 914; x_wconf 81' lang='lat' dir='ltr'><strong>auctoritas</strong></span> <span class='ocrx_word' id='word_1_14' title='bbox 949 847 1167 914; x_wconf 87' lang='lat' dir='ltr'><strong>dominorum</strong></span> <span class='ocrx_word' id='word_1_15' title='bbox 1187 846 1290 912; x_wconf 84' lang='lat' dir='ltr'><strong>terri-</strong></span> 
     </span>
    </p>
   </div>
   <div class='ocr_carea' id='block_1_4' title="bbox 322 957 1312 1078">
    <p class='ocr_par' dir='ltr' id='par_1_4' title="bbox 322 957 1312 1078">
     <span class='ocr_line' id='line_1_4' title="bbox 322 957 1312 1078; baseline -0.01 -22"><span class='ocrx_word' id='word_1_16' title='bbox 322 990 494 1056; x_wconf 88' lang='lat' dir='ltr'><strong>torialium</strong></span> <span class='ocrx_word' id='word_1_17' title='bbox 523 990 561 1054; x_wconf 89' lang='lat' dir='ltr'><strong>in</strong></span> <span class='ocrx_word' id='word_1_18' title='bbox 588 957 799 1078; x_wconf 81' lang='lat' dir='ltr'><strong>Wcstphslia</strong></span> <span class='ocrx_word' id='word_1_19' title='bbox 825 985 987 1052; x_wconf 80' lang='lat' dir='ltr'><strong>accrevit:</strong></span> <span class='ocrx_word' id='word_1_20' title='bbox 1007 983 1144 1050; x_wconf 80' lang='lat' dir='ltr'><strong>student</strong></span> <span class='ocrx_word' id='word_1_21' title='bbox 1163 984 1312 1050; x_wconf 84' lang='lat' dir='ltr'><strong>scilicet·</strong></span> 
     </span>
    </p>
   </div>
   <div class='ocr_carea' id='block_1_5' title="bbox 320 1119 1288 1194">
    <p class='ocr_par' dir='ltr' id='par_1_5' title="bbox 320 1119 1288 1194">
     <span class='ocr_line' id='line_1_5' title="bbox 320 1119 1288 1194; baseline -0.01 -1"><span class='ocrx_word' id='word_1_22' title='bbox 320 1150 413 1194; x_wconf 90' lang='lat' dir='ltr'><strong>nunc</strong></span> <span class='ocrx_word' id='word_1_23' title='bbox 429 1125 481 1192; x_wconf 79' lang='lat' dir='ltr'><strong>&#39;hi</strong></span> <span class='ocrx_word' id='word_1_24' title='bbox 504 1137 544 1190; x_wconf 88' lang='lat' dir='ltr'><strong>ut</strong></span> <span class='ocrx_word' id='word_1_25' title='bbox 571 1124 730 1190; x_wconf 77' lang='lat' dir='ltr'><strong>comecias</strong></span> <span class='ocrx_word' id='word_1_26' title='bbox 760 1121 882 1188; x_wconf 86' lang='lat' dir='ltr'><strong>liberas</strong></span> <span class='ocrx_word' id='word_1_27' title='bbox 906 1145 985 1186; x_wconf 89' lang='lat' dir='ltr'><strong>cum</strong></span> <span class='ocrx_word' id='word_1_28' title='bbox 1014 1120 1196 1186; x_wconf 71' lang='lat' dir='ltr'><strong>territoriis</strong></span> <span class='ocrx_word' id='word_1_29' title='bbox 1220 1119 1288 1184; x_wconf 91' lang='lat' dir='ltr'><strong>suis</strong></span> 
     </span>
    </p>
   </div>
   <div class='ocr_carea' id='block_1_6' title="bbox 320 1249 1290 1352">
    <p class='ocr_par' dir='ltr' id='par_1_6' title="bbox 320 1249 1290 1352">
     <span class='ocr_line' id='line_1_6' title="bbox 320 1249 1290 1352; baseline -0.005 -22"><span class='ocrx_word' id='word_1_30' title='bbox 320 1265 516 1347; x_wconf 78' lang='lat' dir='ltr'><strong>coalescant5</strong></span> <span class='ocrx_word' id='word_1_31' title='bbox 537 1261 710 1352; x_wconf 88' lang='lat' dir='ltr'><strong>incipiunt</strong></span> <span class='ocrx_word' id='word_1_32' title='bbox 724 1249 775 1326; x_wconf 59' lang='lat' dir='ltr'><strong>&#39;de</strong></span> <span class='ocrx_word' id='word_1_33' title='bbox 799 1259 842 1324; x_wconf 89' lang='lat' dir='ltr'><strong>iis</strong></span> <span class='ocrx_word' id='word_1_34' title='bbox 854 1273 1027 1348; x_wconf 82' lang='lat' dir='ltr'><strong>tamquam</strong></span> <span class='ocrx_word' id='word_1_35' title='bbox 1048 1259 1089 1325; x_wconf 88' lang='lat' dir='ltr'><strong>de</strong></span> <span class='ocrx_word' id='word_1_36' title='bbox 1102 1257 1198 1326; x_wconf 84' lang='lat' dir='ltr'><strong>honis</strong></span> <span class='ocrx_word' id='word_1_37' title='bbox 1212 1282 1290 1348; x_wconf 86' lang='lat' dir='ltr'><strong>pro·</strong></span> 
     </span>
    </p>
   </div>
   <div class='ocr_carea' id='block_1_7' title="bbox 318 1393 1290 1762">
    <p class='ocr_par' dir='ltr' id='par_1_7' title="bbox 318 1393 1290 1762">
     <span class='ocr_line' id='line_1_7' title="bbox 319 1393 1290 1491; baseline -0.005 -28"><span class='ocrx_word' id='word_1_38' title='bbox 319 1399 404 1491; x_wconf 85' lang='lat' dir='ltr'><strong>priis</strong></span> <span class='ocrx_word' id='word_1_39' title='bbox 416 1409 560 1466; x_wconf 78' lang='lat' dir='ltr'><strong>statuere</strong></span> <span class='ocrx_word' id='word_1_40' title='bbox 582 1410 617 1464; x_wconf 84' lang='lat' dir='ltr'><strong>et</strong></span> <span class='ocrx_word' id='word_1_41' title='bbox 632 1397 763 1463; x_wconf 82' lang='lat' dir='ltr'><strong>tribute</strong></span> <span class='ocrx_word' id='word_1_42' title='bbox 782 1419 901 1462; x_wconf 87' lang='lat' dir='ltr'><strong>eorum</strong></span> <span class='ocrx_word' id='word_1_43' title='bbox 916 1393 991 1479; x_wconf 81' lang='lat' dir='ltr'><strong>sibi,</strong></span> <span class='ocrx_word' id='word_1_44' title='bbox 1013 1407 1047 1460; x_wconf 86' lang='lat' dir='ltr'><strong>et</strong></span> <span class='ocrx_word' id='word_1_45' title='bbox 1063 1417 1145 1478; x_wconf 86' lang='lat' dir='ltr'><strong>non,</strong></span> <span class='ocrx_word' id='word_1_46' title='bbox 1160 1395 1215 1460; x_wconf 85' lang='lat' dir='ltr'><strong>uti</strong></span> <span class='ocrx_word' id='word_1_47' title='bbox 1229 1417 1290 1461; x_wconf 80' lang='lat' dir='ltr'><strong>eu·</strong></span> 
     </span>
     <span class='ocr_line' id='line_1_8' title="bbox 319 1525 1290 1624; baseline -0.003 -25"><span class='ocrx_word' id='word_1_48' title='bbox 319 1547 399 1618; x_wconf 80' lang='lat' dir='ltr'><strong>tea,·</strong></span> <span class='ocrx_word' id='word_1_49' title='bbox 419 1525 635 1624; x_wconf 84' lang='lat' dir='ltr'><strong>imperatori,</strong></span> <span class='ocrx_word' id='word_1_50' title='bbox 661 1533 828 1616; x_wconf 80' lang='lat' dir='ltr'><strong>colligere.</strong></span> <span class='ocrx_word' id='word_1_51' title='bbox 875 1529 1009 1598; x_wconf 81' lang='lat' dir='ltr'><strong>Sedium</strong></span> <span class='ocrx_word' id='word_1_52' title='bbox 1034 1530 1158 1596; x_wconf 74' lang='lat' dir='ltr'><strong>dosuisti</strong></span> <span class='ocrx_word' id='word_1_53' title='bbox 1177 1529 1290 1620; x_wconf 87' lang='lat' dir='ltr'><strong>(stoel-</strong></span> 
     </span>
     <span class='ocr_line' id='line_1_9' title="bbox 318 1665 1289 1762; baseline -0.005 -23"><span class='ocrx_word' id='word_1_54' title='bbox 318 1670 453 1758; x_wconf 86' lang='lat' dir='ltr'><strong>heeren)</strong></span> <span class='ocrx_word' id='word_1_55' title='bbox 472 1671 510 1736; x_wconf 90' lang='lat' dir='ltr'><strong>in</strong></span> <span class='ocrx_word' id='word_1_56' title='bbox 532 1681 707 1762; x_wconf 86' lang='lat' dir='ltr'><strong>posterum</strong></span> <span class='ocrx_word' id='word_1_57' title='bbox 732 1668 825 1752; x_wconf 87' lang='lat' dir='ltr'><strong>dicti,</strong></span> <span class='ocrx_word' id='word_1_58' title='bbox 845 1669 983 1734; x_wconf 79' lang='lat' dir='ltr'><strong>comites</strong></span> <span class='ocrx_word' id='word_1_59' title='bbox 1002 1665 1190 1733; x_wconf 87' lang='lat' dir='ltr'><strong>liberorum</strong></span> <span class='ocrx_word' id='word_1_60' title='bbox 1209 1668 1289 1734; x_wconf 88' lang='lat' dir='ltr'><strong>duci</strong></span> 
     </span>
    </p>
   </div>
   <div class='ocr_carea' id='block_1_8' title="bbox 318 1804 1289 1910">
    <p class='ocr_par' dir='ltr' id='par_1_8' title="bbox 318 1804 1289 1910">
     <span class='ocr_line' id='line_1_10' title="bbox 318 1804 1289 1910; baseline -0.002 -36"><span class='ocrx_word' id='word_1_61' title='bbox 318 1808 372 1874; x_wconf 85' lang='lat' dir='ltr'><strong>vel</strong></span> <span class='ocrx_word' id='word_1_62' title='bbox 392 1805 592 1897; x_wconf 87' lang='lat' dir='ltr'><strong>imperatori</strong></span> <span class='ocrx_word' id='word_1_63' title='bbox 613 1804 837 1874; x_wconf 78' lang='lat' dir='ltr'><strong>investiendos</strong></span> <span class='ocrx_word' id='word_1_64' title='bbox 863 1805 1020 1875; x_wconf 86' lang='lat' dir='ltr'><strong>offerunt.</strong></span> <span class='ocrx_word' id='word_1_65' title='bbox 1068 1804 1217 1910; x_wconf 58' lang='lat' dir='ltr'><strong>tandem</strong></span> <span class='ocrx_word' id='word_1_66' title='bbox 1236 1808 1289 1891; x_wconf 85' lang='lat' dir='ltr'><strong>ju·</strong></span> 
     </span>
    </p>
   </div>
   <div class='ocr_carea' id='block_1_9' title="bbox 317 1924 1395 2033">
    <p class='ocr_par' dir='ltr' id='par_1_9' title="bbox 317 1924 1395 2033">
     <span class='ocr_line' id='line_1_11' title="bbox 317 1924 1395 2033; baseline 0.006 -26"><span class='ocrx_word' id='word_1_67' title='bbox 317 1941 404 2033; x_wconf 79' lang='lat' dir='ltr'><strong>dicia</strong></span> <span class='ocrx_word' id='word_1_68' title='bbox 424 1940 535 2008; x_wconf 82' lang='lat' dir='ltr'><strong>libers</strong></span> <span class='ocrx_word' id='word_1_69' title='bbox 561 1943 752 2028; x_wconf 74' lang='lat' dir='ltr'><strong>innumeris</strong></span> <span class='ocrx_word' id='word_1_70' title='bbox 765 1924 768 1934; x_wconf 49' lang='lat'><strong><em>¹</em></strong></span> <span class='ocrx_word' id='word_1_71' title='bbox 781 1939 1031 2008; x_wconf 85' lang='lat' dir='ltr'><strong>exemtiouibus</strong></span> <span class='ocrx_word' id='word_1_72' title='bbox 1053 1941 1184 2008; x_wconf 84' lang='lat' dir='ltr'><strong>discissa</strong></span> <span class='ocrx_word' id='word_1_73' title='bbox 1210 1955 1245 2008; x_wconf 86' lang='lat' dir='ltr'><strong>et</strong></span> <span class='ocrx_word' id='word_1_74' title='bbox 1270 1969 1289 2014; x_wconf 81' lang='lat' dir='ltr'><strong>a</strong></span> <span class='ocrx_word' id='word_1_75' title='bbox 1392 1991 1395 1995; x_wconf 61' lang='lat'><em>›</em></span> 
     </span>
    </p>
   </div>
   <div class='ocr_carea' id='block_1_10' title="bbox 311 2070 1288 3394">
    <p class='ocr_par' dir='ltr' id='par_1_10' title="bbox 311 2070 1288 3394">
     <span class='ocr_line' id='line_1_12' title="bbox 317 2070 1287 2174; baseline -0.003 -29"><span class='ocrx_word' id='word_1_76' title='bbox 317 2077 578 2174; x_wconf 87' lang='lat' dir='ltr'><strong>territorialibus</strong></span> <span class='ocrx_word' id='word_1_77' title='bbox 594 2079 741 2146; x_wconf 87' lang='lat' dir='ltr'><strong>dominis</strong></span> <span class='ocrx_word' id='word_1_78' title='bbox 756 2101 926 2168; x_wconf 87' lang='lat' dir='ltr'><strong>oppressa,</strong></span> <span class='ocrx_word' id='word_1_79' title='bbox 946 2079 994 2144; x_wconf 88' lang='lat' dir='ltr'><strong>ita</strong></span> <span class='ocrx_word' id='word_1_80' title='bbox 1008 2070 1178 2166; x_wconf 79' lang='lat' dir='ltr'><strong>dimiuutu</strong></span> <span class='ocrx_word' id='word_1_81' title='bbox 1196 2091 1287 2164; x_wconf 86' lang='lat' dir='ltr'><strong>sunt,</strong></span> 
     </span>
     <span class='ocr_line' id='line_1_13' title="bbox 316 2179 1288 2304; baseline -0.001 -23"><span class='ocrx_word' id='word_1_82' title='bbox 316 2217 406 2304; x_wconf 90' lang='lat' dir='ltr'><strong>quod</strong></span> <span class='ocrx_word' id='word_1_83' title='bbox 427 2218 468 2286; x_wconf 90' lang='lat' dir='ltr'><strong>ad</strong></span> <span class='ocrx_word' id='word_1_84' title='bbox 489 2239 672 2284; x_wconf 89' lang='lat' dir='ltr'><strong>numerum</strong></span> <span class='ocrx_word' id='word_1_85' title='bbox 687 2215 917 2282; x_wconf 88' lang='lat' dir='ltr'><strong>liberorum</strong></span> <span class='ocrx_word' id='word_1_86' title='bbox 893 2240 935 2280; x_wconf 92' lang='lat' dir='ltr'><strong>11s</strong></span> <span class='ocrx_word' id='word_1_87' title='bbox 951 2215 1180 2304; x_wconf 80' lang='lat' dir='ltr'><strong>praesentium</strong></span> <span class='ocrx_word' id='word_1_88' title='bbox 1199 2179 1288 2281; x_wconf 82' lang='lat' dir='ltr'><strong>atti-</strong></span> 
     </span>
     <span class='ocr_line' id='line_1_14' title="bbox 315 2348 1286 2443; baseline -0.002 -25"><span class='ocrx_word' id='word_1_89' title='bbox 315 2366 374 2418; x_wconf 87' lang='lat' dir='ltr'><strong>net</strong></span> <span class='ocrx_word' id='word_1_90' title='bbox 396 2357 453 2443; x_wconf 77' lang='lat'>(1),</span> <span class='ocrx_word' id='word_1_91' title='bbox 473 2361 514 2420; x_wconf 90' lang='lat' dir='ltr'><strong>ut</strong></span> <span class='ocrx_word' id='word_1_92' title='bbox 535 2378 553 2419; x_wconf 86' lang='lat' dir='ltr'><strong>a</strong></span> <span class='ocrx_word' id='word_1_93' title='bbox 579 2365 650 2419; x_wconf 86' lang='lat' dir='ltr'><strong>toto</strong></span> <span class='ocrx_word' id='word_1_94' title='bbox 667 2352 812 2416; x_wconf 84' lang='lat' dir='ltr'><strong>interitu</strong></span> <span class='ocrx_word' id='word_1_95' title='bbox 827 2373 897 2416; x_wconf 89' lang='lat' dir='ltr'><strong>non</strong></span> <span class='ocrx_word' id='word_1_96' title='bbox 911 2351 1009 2434; x_wconf 80' lang='lat' dir='ltr'><strong>longe</strong></span> <span class='ocrx_word' id='word_1_97' title='bbox 1027 2348 1168 2416; x_wconf 86' lang='lat' dir='ltr'><strong>abfuisse</strong></span> <span class='ocrx_word' id='word_1_98' title='bbox 1185 2351 1286 2418; x_wconf 85' lang='lat' dir='ltr'><strong>vide-</strong></span> 
     </span>
     <span class='ocr_line' id='line_1_15' title="bbox 311 2482 1288 2576; baseline -0.003 -21"><span class='ocrx_word' id='word_1_99' title='bbox 311 2502 428 2556; x_wconf 86' lang='lat' dir='ltr'><strong>antur</strong></span> <span class='ocrx_word' id='word_1_100' title='bbox 475 2489 538 2556; x_wconf 86' lang='lat' dir='ltr'><strong>Sed</strong></span> <span class='ocrx_word' id='word_1_101' title='bbox 563 2488 705 2554; x_wconf 86' lang='lat' dir='ltr'><strong>unicum</strong></span> <span class='ocrx_word' id='word_1_102' title='bbox 727 2487 861 2575; x_wconf 88' lang='lat' dir='ltr'><strong>quod</strong></span> <span class='ocrx_word' id='word_1_103' title='bbox 837 2511 878 2552; x_wconf 87' lang='lat' dir='ltr'><strong>us</strong></span> <span class='ocrx_word' id='word_1_104' title='bbox 902 2482 1076 2576; x_wconf 83' lang='lat' dir='ltr'><strong>supererat</strong></span> <span class='ocrx_word' id='word_1_105' title='bbox 1097 2484 1288 2552; x_wconf 86' lang='lat' dir='ltr'><strong>remedium</strong></span> 
     </span>
     <span class='ocr_line' id='line_1_16' title="bbox 315 2607 1288 2715; baseline -0.003 -26"><span class='ocrx_word' id='word_1_106' title='bbox 315 2625 356 2689; x_wconf 87' lang='lat' dir='ltr'><strong>ad</strong></span> <span class='ocrx_word' id='word_1_107' title='bbox 382 2622 569 2715; x_wconf 87' lang='lat' dir='ltr'><strong>potentiam</strong></span> <span class='ocrx_word' id='word_1_108' title='bbox 593 2623 747 2688; x_wconf 83' lang='lat' dir='ltr'><strong>amissam</strong></span> <span class='ocrx_word' id='word_1_109' title='bbox 770 2607 804 2688; x_wconf 81' lang='lat' dir='ltr'><strong>et</strong></span> <span class='ocrx_word' id='word_1_110' title='bbox 823 2621 966 2708; x_wconf 85' lang='lat' dir='ltr'><strong>gloriam</strong></span> <span class='ocrx_word' id='word_1_111' title='bbox 984 2621 1166 2711; x_wconf 83' lang='lat' dir='ltr'><strong>pristinam</strong></span> <span class='ocrx_word' id='word_1_112' title='bbox 1189 2643 1288 2686; x_wconf 89' lang='lat' dir='ltr'><strong>recu·</strong></span> 
     </span>
     <span class='ocr_line' id='line_1_17' title="bbox 314 2758 1286 2850; baseline -0.003 -25"><span class='ocrx_word' id='word_1_113' title='bbox 314 2761 515 2850; x_wconf 76' lang='lat' dir='ltr'><strong>perandum,</strong></span> <span class='ocrx_word' id='word_1_114' title='bbox 536 2758 778 2843; x_wconf 86' lang='lat' dir='ltr'><strong>adhibuerunt,</strong></span> <span class='ocrx_word' id='word_1_115' title='bbox 792 2781 832 2824; x_wconf 88' lang='lat' dir='ltr'><strong>eo</strong></span> <span class='ocrx_word' id='word_1_116' title='bbox 847 2758 972 2825; x_wconf 85' lang='lat' dir='ltr'><strong>arctius</strong></span> <span class='ocrx_word' id='word_1_117' title='bbox 986 2779 1107 2847; x_wconf 83' lang='lat' dir='ltr'><strong>nempe</strong></span> <span class='ocrx_word' id='word_1_118' title='bbox 1127 2779 1194 2822; x_wconf 89' lang='lat' dir='ltr'><strong>sese</strong></span> <span class='ocrx_word' id='word_1_119' title='bbox 1209 2779 1286 2823; x_wconf 88' lang='lat' dir='ltr'><strong>oon·</strong></span> 
     </span>
     <span class='ocr_line' id='line_1_18' title="bbox 313 2891 1288 2998; baseline 0.002 -38"><span class='ocrx_word' id='word_1_120' title='bbox 313 2902 507 2978; x_wconf 84' lang='lat' dir='ltr'><strong>junxerunt</strong></span> <span class='ocrx_word' id='word_1_121' title='bbox 529 2909 562 2961; x_wconf 90' lang='lat' dir='ltr'><strong>et</strong></span> <span class='ocrx_word' id='word_1_122' title='bbox 583 2896 758 2998; x_wconf 79' lang='lat' dir='ltr'><strong>societate,</strong></span> <span class='ocrx_word' id='word_1_123' title='bbox 780 2891 820 2959; x_wconf 84' lang='lat' dir='ltr'><strong>ut</strong></span> <span class='ocrx_word' id='word_1_124' title='bbox 841 2895 995 2979; x_wconf 79' lang='lat' dir='ltr'><strong>videtur,</strong></span> <span class='ocrx_word' id='word_1_125' title='bbox 1015 2896 1168 2983; x_wconf 86' lang='lat' dir='ltr'><strong>quadam,</strong></span> <span class='ocrx_word' id='word_1_126' title='bbox 1185 2896 1288 2980; x_wconf 80' lang='lat' dir='ltr'><strong>vulgo</strong></span> 
     </span>
     <span class='ocr_line' id='line_1_19' title="bbox 314 3031 1287 3123; baseline 0 -25"><span class='ocrx_word' id='word_1_127' title='bbox 314 3033 470 3100; x_wconf 85' lang='lat' dir='ltr'><strong>societate</strong></span> <span class='ocrx_word' id='word_1_128' title='bbox 496 3033 549 3099; x_wconf 84' lang='lat' dir='ltr'><strong>vel</strong></span> <span class='ocrx_word' id='word_1_129' title='bbox 570 3033 714 3099; x_wconf 86' lang='lat' dir='ltr'><strong>Foedere</strong></span> <span class='ocrx_word' id='word_1_130' title='bbox 736 3032 957 3099; x_wconf 88' lang='lat' dir='ltr'><strong>Scabinorum</strong></span> <span class='ocrx_word' id='word_1_131' title='bbox 980 3031 1050 3118; x_wconf 86' lang='lat' dir='ltr'><strong>(het</strong></span> <span class='ocrx_word' id='word_1_132' title='bbox 1063 3032 1287 3123; x_wconf 82' lang='lat' dir='ltr'><strong>Schepenver-</strong></span> 
     </span>
     <span class='ocr_line' id='line_1_20' title="bbox 314 3167 1286 3260; baseline 0.004 -26"><span class='ocrx_word' id='word_1_133' title='bbox 314 3167 417 3253; x_wconf 86' lang='lat' dir='ltr'><strong>hond)</strong></span> <span class='ocrx_word' id='word_1_134' title='bbox 425 3168 545 3252; x_wconf 77' lang='lat' dir='ltr'><strong>dicta,</strong></span> <span class='ocrx_word' id='word_1_135' title='bbox 534 3180 625 3236; x_wconf 88' lang='lat' dir='ltr'><strong>mter</strong></span> <span class='ocrx_word' id='word_1_136' title='bbox 635 3191 667 3234; x_wconf 90' lang='lat' dir='ltr'><strong>se</strong></span> <span class='ocrx_word' id='word_1_137' title='bbox 677 3169 762 3234; x_wconf 86' lang='lat' dir='ltr'><strong>1n1ta</strong></span> <span class='ocrx_word' id='word_1_138' title='bbox 766 3169 1008 3260; x_wconf 72' lang='lat' dir='ltr'><strong>competentur</strong></span> <span class='ocrx_word' id='word_1_139' title='bbox 1018 3192 1098 3237; x_wconf 85' lang='lat' dir='ltr'><strong>vero</strong></span> <span class='ocrx_word' id='word_1_140' title='bbox 1106 3169 1200 3236; x_wconf 84' lang='lat' dir='ltr'><strong>c1v1l1</strong></span> <span class='ocrx_word' id='word_1_141' title='bbox 1209 3183 1286 3260; x_wconf 89' lang='lat' dir='ltr'><strong>post</strong></span> 
     </span>
     <span class='ocr_line' id='line_1_21' title="bbox 314 3304 1284 3394; baseline 0.003 -26"><span class='ocrx_word' id='word_1_142' title='bbox 314 3304 427 3388; x_wconf 82' lang='lat' dir='ltr'><strong>longas</strong></span> <span class='ocrx_word' id='word_1_143' title='bbox 447 3304 677 3370; x_wconf 84' lang='lat' dir='ltr'><strong>altercationes</strong></span> <span class='ocrx_word' id='word_1_144' title='bbox 694 3305 847 3394; x_wconf 81' lang='lat' dir='ltr'><strong>perdita,</strong></span> <span class='ocrx_word' id='word_1_145' title='bbox 868 3317 1041 3394; x_wconf 76' lang='lat' dir='ltr'><strong>tamquam</strong></span> <span class='ocrx_word' id='word_1_146' title='bbox 1063 3305 1190 3391; x_wconf 83' lang='lat' dir='ltr'><strong>judicia</strong></span> <span class='ocrx_word' id='word_1_147' title='bbox 1208 3306 1284 3371; x_wconf 89' lang='lat' dir='ltr'><strong>cri-</strong></span> 
     </span>
    </p>
   </div>
   <div class='ocr_carea' id='block_1_11' title="bbox 315 3435 1285 3529">
    <p class='ocr_par' dir='ltr' id='par_1_11' title="bbox 315 3435 1285 3529">
     <span class='ocr_line' id='line_1_22' title="bbox 315 3435 1285 3529; baseline 0.004 -25"><span class='ocrx_word' id='word_1_148' title='bbox 315 3438 452 3504; x_wconf 86' lang='lat' dir='ltr'><strong>minalia</strong></span> <span class='ocrx_word' id='word_1_149' title='bbox 482 3451 516 3503; x_wconf 88' lang='lat' dir='ltr'><strong>et</strong></span> <span class='ocrx_word' id='word_1_150' title='bbox 544 3435 598 3506; x_wconf 87' lang='lat' dir='ltr'><em>V</em></span> <span class='ocrx_word' id='word_1_151' title='bbox 586 3463 686 3506; x_wconf 73' lang='lat' dir='ltr'><strong>emeca</strong></span> <span class='ocrx_word' id='word_1_152' title='bbox 711 3442 753 3508; x_wconf 92' lang='lat' dir='ltr'><strong>ad</strong></span> <span class='ocrx_word' id='word_1_153' title='bbox 778 3463 946 3506; x_wconf 84' lang='lat' dir='ltr'><strong>summam</strong></span> <span class='ocrx_word' id='word_1_154' title='bbox 972 3442 1072 3506; x_wconf 87' lang='lat' dir='ltr'><strong>istam</strong></span> <span class='ocrx_word' id='word_1_155' title='bbox 1097 3441 1285 3529; x_wconf 86' lang='lat' dir='ltr'><strong>potentiam</strong></span> 
     </span>
    </p>
   </div>
   <div class='ocr_carea' id='block_1_12' title="bbox 349 3714 1285 3792">
    <p class='ocr_par' dir='ltr' id='par_1_12' title="bbox 349 3714 1285 3792">
     <span class='ocr_line' id='line_1_23' title="bbox 349 3714 1285 3792; baseline 0.004 -21"><span class='ocrx_word' id='word_1_156' title='bbox 349 3721 385 3792; x_wconf 84' lang='lat'><strong>(1)</strong></span> <span class='ocrx_word' id='word_1_157' title='bbox 402 3722 522 3790; x_wconf 81' lang='lat' dir='ltr'><strong>Wigmd,</strong></span> <span class='ocrx_word' id='word_1_158' title='bbox 540 3722 557 3772; x_wconf 90' lang='lat' dir='ltr'><strong>l.</strong></span> <span class='ocrx_word' id='word_1_159' title='bbox 574 3723 633 3790; x_wconf 75' lang='lat' dir='ltr'><strong>lp.</strong></span> <span class='ocrx_word' id='word_1_160' title='bbox 651 3723 709 3771; x_wconf 89' lang='grc'><strong>144.</strong></span> <span class='ocrx_word' id='word_1_161' title='bbox 735 3721 813 3772; x_wconf 71' lang='grc' dir='ltr'>δῖοι.</span> <span class='ocrx_word' id='word_1_162' title='bbox 830 3741 851 3773; x_wconf 81' lang='lat' dir='ltr'><strong>e.</strong></span> <span class='ocrx_word' id='word_1_163' title='bbox 867 3724 909 3774; x_wconf 69' lang='grc' dir='ltr'><strong>Δο.</strong></span> <span class='ocrx_word' id='word_1_164' title='bbox 928 3723 996 3774; x_wconf 68' lang='grc'><strong>1406</strong></span> <span class='ocrx_word' id='word_1_165' title='bbox 1001 3714 1114 3792; x_wconf 79' lang='lat' dir='ltr'><strong>placito</strong></span> <span class='ocrx_word' id='word_1_166' title='bbox 1132 3726 1222 3777; x_wconf 79' lang='lat' dir='ltr'><strong>comitis</strong></span> <span class='ocrx_word' id='word_1_167' title='bbox 1239 3724 1285 3775; x_wconf 77' lang='lat' dir='ltr'><strong>sd·</strong></span> 
     </span>
    </p>
   </div>
   <div class='ocr_carea' id='block_1_13' title="bbox 315 3813 811 3928">
    <p class='ocr_par' dir='ltr' id='par_1_13' title="bbox 315 3813 811 3928">
     <span class='ocr_line' id='line_1_24' title="bbox 315 3813 811 3928; baseline -0.002 -38"><span class='ocrx_word' id='word_1_168' title='bbox 315 3813 371 3890; x_wconf 79' lang='lat' dir='ltr'><strong>sunt</strong></span> <span class='ocrx_word' id='word_1_169' title='bbox 386 3821 478 3928; x_wconf 73' lang='lat' dir='ltr'><strong>tautum</strong></span> <span class='ocrx_word' id='word_1_170' title='bbox 496 3842 513 3888; x_wconf 67' lang='grc' dir='ltr'>Β</span> <span class='ocrx_word' id='word_1_171' title='bbox 530 3840 586 3890; x_wconf 84' lang='lat' dir='ltr'><strong>nobi</strong></span> <span class='ocrx_word' id='word_1_172' title='bbox 588 3839 623 3890; x_wconf 76' lang='lat' dir='ltr'><strong>les</strong></span> <span class='ocrx_word' id='word_1_173' title='bbox 639 3851 663 3889; x_wconf 86' lang='lat' dir='ltr'><strong>et</strong></span> <span class='ocrx_word' id='word_1_174' title='bbox 680 3842 696 3888; x_wconf 76' lang='grc'>3</span> <span class='ocrx_word' id='word_1_175' title='bbox 714 3839 811 3889; x_wconf 83' lang='lat' dir='ltr'><strong>scabini.</strong></span> 
     </span>
    </p>
   </div>
   <div class='ocr_carea' id='block_1_14' title="bbox 0 0 1472 4892">
    <p class='ocr_par' dir='ltr' id='par_1_14' title="bbox 0 0 1472 4892">
     <span class='ocr_line' id='line_1_25' title="bbox 0 0 1472 4892; baseline 0 0"><span class='ocrx_word' id='word_1_176' title='bbox 0 0 1472 4892; x_wconf 95' lang='lat' dir='ltr'><strong> </strong></span> 
     </span>
    </p>
   </div>
  </div>
 </body>
</html>
