2934 4892
802 503 895 589 rs,

329 731 462 819 judicia
491 753 559 798 non
581 717 801 820 acceperunt,
835 730 913 817 quia
941 729 980 794 in
1007 729 1143 795 caeteris
1167 730 1303 800 Germe·

212 931 216 934 .
336 868 409 934 niae
445 867 653 959 provinciis,
685 889 764 964 cum
790 866 908 951 religio
929 864 1116 932 Christiano
1147 865 1304 932 introdu-

335 1015 487 1089 ceretur,
504 1015 506 1020 '
526 1003 719 1087 institutio,
755 1014 795 1066 ut
824 971 865 1067 de
890 1001 1090 1068 criminibus
1108 1001 1302 1092 religionem

233 1159 236 1168 ⁴
333 1152 397 1206 etc.
420 1119 644 1232 spectantibus
669 1139 707 1207 in
730 1138 893 1222 singulari
902 1138 1026 1227 placito
1041 1148 1302 1223 cognosceretur,

331 1299 402 1343 non
421 1276 590 1360 innotuit,
613 1297 721 1364 neque
743 1237 907 1362 umquam
932 1272 1053 1358 viguit,
1075 1273 1153 1361 quis
1167 1273 1302 1362 iisopus

332 1408 432 1478 fuisse
454 1434 524 1478 non
544 1411 692 1479 videtur.

322 1614 328 1634 Ι
375 1547 468 1613 Licet
490 1558 603 1612 autem
624 1547 661 1610 in
685 1545 814 1628 judicia
831 1545 933 1611 initio
949 1557 1083 1610 tantum
1101 1544 1219 1610 villam
1227 1549 1304 1632 jure

251 1761 253 1768 χ
330 1677 476 1750 dominii
502 1684 704 1773 possidentes
731 1682 847 1750 venire
869 1696 1023 1773 possent,
1060 1695 1179 1751 tamen«
1201 1683 1304 1748 multi

149 1879 154 1894 ,
221 1898 223 1903 Ι
330 1832 441 1908 postes
462 1819 600 1884 aderant
617 1818 722 1886 villas·
737 1841 807 1885 non
826 1823 903 1906 jure
924 1819 1069 1886 dominii
1092 1819 1148 1884 sed
1168 1829 1303 1884 tantum

328 1977 393 2045 pro
410 1953 573 2020 reditibus
594 1953 749 2021 vitalitiis
770 1954 878 2024 aliove
894 1955 996 2021 modo
1011 1953 1225 2045 possidentes.

372 2092 467 2156 Tales
488 2101 616 2156 'autem
648 2114 718 2157 non
754 2091 827 2158 veri
860 2103 956 2157 erant
992 2090 1085 2159 Socii
1108 2089 1301 2182 (Genosaen)

291 2251 297 2258 ’
327 2227 547 2314 judiciorum,
569 2237 777 2318 quapropter
801 2225 933 2294 Scabini
969 2239 1003 2292 et
1025 2250 1184 2316 precones
1207 2227 1304 2317 (Fro-

260 2441 264 2446 .
326 2363 401 2449 nen)
424 2347 502 2448 eligi
523 2386 600 2432 non.
619 2369 796 2452 poterant,
816 2362 897 2450 quia
922 2361 961 2427 in
984 2327 1120 2448 judiciis
1138 2365 1303 2449 comitum

327 2510 499 2587 tamquam
517 2497 645 2585 judices
662 2498 774 2562 sedere
793 2508 928 2562 tantum
946 2504 1107 2598 poterant
1118 2501 1192 2562 ceri
1206 2502 1298 2564 sccii.

328 2635 497 2698 Praeterea
521 2633 560 2699 V
556 2636 663 2701 asalli
683 2631 818 2699 tuntum
843 2633 883 2699 de
912 2632 1011 2698 rebus
1037 2631 1226 2700 feudalibus
1250 2639 1303 2722 ju·

328 2763 438 2834 dicare
460 2781 639 2859 poterant,
664 2770 717 2835 uti
738 2770 982 2837 Memoriales
1005 2771 1046 2836 de
1069 2737 1304 2838 Montensis

327 2895 395 2972 tuis.
441 2885 526 2972 liaeo
544 2904 612 2971 fuit
632 2929 726 2970 causa
755 2927 858 2999 quare
879 2928 1137 2993 nonnumquam
1157 2908 1195 2972 in
1220 2908 1302 2974 actis
1397 2895 1401 2905 ¹

326 3040 543 3142 Judioislibus
565 3062 717 3131 expresse
736 3041 943 3107 mentionem
958 3039 1066 3106 facere
1078 3042 1301 3132 incoeperint,

327 3178 392 3244 hoc
416 3179 470 3245 vel
487 3178 574 3242 illud
598 3189 711 3243 actum
730 3199 796 3243 esse
818 3178 857 3242 in
879 3179 997 3255 Libero
1020 3179 1184 3262 consuis,
1201 3181 1302 3248 libero

328 3313 460 3380 Placito
482 3313 643 3382 Gomets'ae
670 3314 721 3380 vel
743 3313 781 3378 in
800 3313 939 3401 judicio
952 3315 1008 3380 cui
1026 3327 1159 3404 praeter
1182 3315 1302 3382 Comi·
1334 3379 1338 3391 ,

329 3441 400 3552 tem
424 3459 458 3514 et
479 3446 636 3514 Scabinos
657 3449 773 3514 Liberi
796 3461 829 3514 et
852 3453 934 3516 luber
952 3473 1053 3538 preco
1071 3431 1218 3517 adessent
1239 3452 1299 3535 (1).

307 3557 404 3652 'Non
427 3609 511 3676 opus
532 3584 669 3673 quidem
690 3583 758 3650 fuit
779 3586 843 3652 hoc
870 3586 1118 3672 additamento,
1134 3611 1212 3654 cum
1230 3611 1302 3654 om·

330 3775 588 3790 -t--n—..w
605 3783 622 3788 ..

365 3882 402 3951 (ti
418 3883 568 3950 ltintmtt,
587 3901 611 3949 p.
626 3887 673 3932 211
695 3895 718 3932 et
737 3885 784 3930 2²1
806 3883 834 3944 n)
850 3893 874 3930 et
893 3882 923 3949 o).
