2934 4892
619 483 694 563 u
754 504 757 513 .

219 729 377 799 conditio
399 732 628 821 westphaliae
647 732 731 820 quin
752 744 786 797 et
808 732 911 799 totius
933 731 1141 817 Germaniae,
1184 818 1187 825 p
1226 708 1228 713 Ι

173 847 302 933 saeculo
324 868 386 933 ΧΠ
404 891 475 956 sqq.
501 868 683 933 deterrima
701 880 783 956 erat.
817 868 900 933 Belli
921 881 955 935 et
968 892 1142 935 armorum
1242 902 1246 915 ·

91 1005 93 1011 ’
170 1025 270 1077 amor
290 1016 361 1071 tam
382 1028 497 1072 omnes
518 1006 709 1097 arripuerat
730 1019 771 1071 ut
790 1008 861 1073 sine
882 1006 977 1095 bellis
1001 1020 1035 1073 et
1056 1010 1145 1098 rapi-

172 1140 228 1205 nis
246 1142 417 1209 viventem
438 1147 511 1208 'non
536 1141 633 1209 facile
651 1144 830 1211 invenires.

218 1277 315 1344 Miles
333 1298 376 1344 ex
396 1279 526 1345 oriente
542 1280 652 1345 redux
672 1256 775 1365 arma,
793 1303 875 1368 quae
892 1244 1008 1346 coutra
1023 1280 1160 1374 infide-¹

174 1414 223 1479 lea
238 1426 392 1498 verterat,
416 1438 509 1480 nuno
527 1417 565 1481 in
584 1417 724 1507 propria·
741 1417 833 1505 quasi
853 1416 1010 1483 intestina
1027 1417 1143 1484 vertit.

174 1550 258 1618 Vim
284 1552 320 1620 vi
349 1554 511 1643 repellere
535 1554 656 1643 moris:
682 1554 884 1645 Imperatori
909 1553 1013 1619 saidas
1034 1552 1146 1642 (vetes)

173 1701 208 1755 et
223 1688 328 1756 'rixas
350 1691 616 1775 sanguinolentas
637 1692 860 1781 componendi
883 1692 978 1757 nulla
1002 1702 1146 1781 potestas

173 1839 208 1892 et
225 1831 282 1913 jus
295 1827 461 1897 vindictae
481 1828 631 1919 privatae
643 1828 853 1919 (Vuiatregt),
873 1828 901 1895 si
923 1851 993 1895 non
1015 1850 1148 1894 conoes-
1206 1872 1209 1879 -

173 1983 269 2049 aum,
285 1964 403 2066 saltem
424 1989 494 2031 non
513 1961 727 2051 denegatum,
750 1967 925 2055 multoque
940 1967 1053 2032 minus
1068 1990 1147 2057 pro·

172 2100 338 2167 hibitum.
385 2100 560 2191 Populus,'
582 2127 600 2166 a
631 2103 777 2170 dominis
800 2102 1062 2169 territorialibua
1085 2128 1147 2193 op-

172 2258 306 2328 pressus
328 2249 363 2302 et
383 2238 553 2327 spoliatus,
576 2260 644 2325 quo
665 2214 698 2303 se
718 2249 865 2305 verteret
886 2238 1044 2324 nesciens,
1068 2264 1147 2307 oum

172 2372 314 2456 judiciis
346 2372 489 2439 erimina
519 2374 559 2439 i'n
586 2396 640 2439 eos
661 2337 853 2464 perpetrata
876 2372 1006 2439 deferre
1027 2376 1055 2439 ai
1077 2398 1147 2441 non

172 2509 345 2601 periculis
358 2510 468 2576 adhue
484 2509 672 2597 majoribus
685 2534 800 2576 carens
815 2512 932 2579 saltem
946 2513 1148 2603 plerumque
1168 2478 1172 2485 -

174 2645 439 2738 infructuosum.
486 2650 573 2714 Reus
595 2647 704 2732 euim,
727 2669 786 2713 sua
807 2660 970 2737 potestate
990 2648 1098 2715 fretus
1116 2636 1149 2714 ot

174 2762 275 2851 facile
296 2785 376 2850 in'de
397 2783 438 2850 ab
461 2781 556 2850 omui
578 2806 685 2874 poena
706 2784 890 2868 immunis,
918 2784 1047 2870 judices
1069 2808 1155 2854 vero

172 2922 344 3010 justitiam
372 2891 569 3007 denegantes
598 2921 791 3011 frequenter
816 2934 1012 2989 occurrunt.
1059 2922 1152 3022 Quid'
1256 2996 1258 3001 ,

116 3118 120 3129 ,
174 3057 435 3143 igiturmirum
458 3056 487 3122 ai
512 3057 667 3124 ¹homines
688 3059 837 3148 oppressi
861 3082 894 3124 se
913 3060 1150 3145 conjunxerint

177 3196 219 3259 ad
240 3193 347 3261 vitam
364 3205 398 3260 et
419 3192 527 3278 bona,
551 3194 755 3282 quaeque-iis
770 3194 939 3261 carissima
951 3208 1057 3262 essent
1072 3219 1150 3261 oon-

74 3414 81 3423 ·
176 3330 357 3407 servanda,
381 3329 464 3418 quid
484 3328 636 3413 mirum,
660 3328 786 3394 ai'oum
805 3329 877 3397 vim
896 3330 932 3397 vi
958 3343 1071 3420 aperta
1094 3353 1149 3395 re-

177 3466 304 3553 pellere
319 3488 389 3533 non
413 3446 556 3554 posuerit,
580 3465 681 3531 aliam
697 3486 835 3553 eamque
848 3467 959 3533 multo
973 3467 1149 3533 meliorem

178 3602 220 3666 ad
239 3600 343 3667 finem
363 3613 530 3693 optatum,
545 3625 661 3691 paoem
678 3601 851 3693 publicam
872 3603 1149 3685 etseouritatem,

173 3737 424 3824 attingendum,
446 3739 586 3825 ingressi
608 3739 678 3805 sint
699 3739 801 3824 viam,
820 3751 977 3828 putantes
991 3762 1061 3805 non
1079 3740 1150 3806 vim

179 3875 214 3942 vi
237 3893 302 3942 esse
323 3876 561 3965 repellendam,
581 3878 637 3942 sed
659 3876 735 3974 vim,
745 3876 876 3943 illatam
897 3878 1102 3946 severissime
1117 3887 1150 3941 et
