2934 4892
803 467 907 527 20-

148 718 151 724 ’
194 731 196 736 ’
334 713 445 767 ratore
462 696 660 781 3133311331)
677 719 715 762 33
730 693 856 764 interei
869 699 991 764 Rector
1004 696 1201 762 Germaniae
1211 720 1300 764 erea-

334 851 386 902 tus
410 836 468 927 (11.
496 809 565 902 Sed
580 836 719 906 nullum
729 846 838 900 exstat
858 835 1099 900 documentum
1117 835 1303 901 'authenti-

333 976 416 1038 cum'
439 985 497 1037 aut
509 978 512 981 ’
523 971 745 1052 historicum,
772 993 851 1035 eum
865 971 934 1037 sive
948 971 985 1034 in
998 970 1212 1060 Westphalia
1229 985 1320 1037 tam.

290 1159 294 1166 .
332 1122 408 1174 tum
433 1108 559 1176 sivein
583 1120 656 1197 ‘tota
671 1091 881 1189 [Germanim
908 1127 1007 1171 curae
1028 1129 1105 1172 suae
1125 1108 1298 1193 mandata,

330 1269 365 1310 33
379 1242 563 1311 instituisse
586 1237 724 1325 judicie.

373 1383 526 1447 Fuerunt
548 1393 582 1445 et
602 1381 660 1468 qui
683 1353 880 1469 putaierint
898 1382 958 1446 illa
977 1383 1107 1479 judicia
1127 1383 1230 1449 initio
1235 1386 1297 1472 ju·

329 1521 418 1586 daero
437 1481 685 1592 daimom‘oton'a
711 1517 974 1606 (Riigegeriohte)
989 1517 1103 1603 inisse,
1122 1542 1206 1606 quae
1225 1543 1298 1609 poa»

323 1670 373 1723 tea
389 1661 552 1742 majorem
575 1667 774 1746 potestatem
791 1654 856 1719 sibi
869 1666 1073 1738 arrogassent
1092 1654 1151 1743 (2).
1169 1655 1177 1670 ’“
1198 1657 1301 1739 Majo-

326 1795 373 1858 ris
400 1815 479 1859 vero
505 1793 672 1858 momenti
697 1793 739 1857 ad
767 1791 944 1858 veritatem
969 1791 1031 1855 heo
1059 1792 1097 1856 in
1129 1814 1167 1856 re
1195 1795 1294 1861 dete-

324 1930 465 2014 gendam
486 1941 566 1993 sunt
591 1929 767 2018 opiniones
785 1928 916 1994 Bemkii
935 1939 973 1992 et*
994 1928 1225 2015 Kindlingeri.·
1272 1973 1276 1980 ·

365 2067 470 2132 Berok
485 2066 653 2132 nimirum
671 2043 740 2131 non
767 2066 894 2131 alienus
919 2087 984 2130 esse
1006 2065 1141 2132 videtur
1164 2067 1207 2153 31)
1223 2073 1296 2160 opi·

316 2205 422 2269 nione
432 2227 469 2268 ao
489 2189 517 2298 si
534 2187 687 2268 bannitio
702 2203 840 2267 Heuriei
854 2203 985 2287 Leonis,
1000 2205 1102 2291 Duois
1115 2205 1290 2291 saxoniae,

320 2339 546 2424 (33331180),
567 2350 600 2403 et
615 2338 693 2403 inde
703 2338 741 2402 in
758 2337 903 2404 Saxonis
912 2340 1017 2405 fracta
1029 2342 1129 2408 Ducis
1138 2343 1293 2432 potestas,
1348 2430 1351 2435 Ι

319 2474 523 2540 oooasionem
533 2483 632 2560 etque
642 2473 809 2558 originem
818 2475 908 2540 hisce
917 2476 1054 2561 judiciis
1064 2479 1204 2544 dederit.
1215 2481 1292 2557 Post

318 2611 412 2676 hune
428 2610 521 2675 enim
541 2623 701 2677 eventum
718 2611 887 2698 prodeunt
908 2615 1056 2700 apertius
1075 2597 1204 2695 judiees
1228 2639 1291 2685 ve·

317 2725 399 2813 miei
421 2745 463 2811 ed
484 2743 650 2811 maleficos
677 2746 885 2831 coercendos,
902 2749 961 2835 qui
984 2753 1126 2830 ἀναρχία,
1146 2775 1184 2817 33
1203 2757 1290 2819 tem·

314 2906 416 2974 pore,
441 2882 478 2948 in
502 2881 720 2970 'Westphelie
749 2882 911 2966 vigente,¹
929 2882 1113 2951 utebantur
1136 2890 1178 2952 ad
1203 2915 1287 2978 quae

314 3019 447 3083 animus
470 3017 512 3081 iis
529 3029 718 3102 suggereret
740 3020 964 3107 perpetranda
986 3020 1048 3106 (3).
1094 3021 1176 3090 Vim
1190 3039 1286 3092 oerte

317 3177 472 3239 magnam
496 3154 558 3218 iste
580 3165 718 3221 eventus
742 3154 781 3218 in
804 3155 930 3236 judicie
965 3149 1091 3223 semies
1111 3157 1287 3229 formanda

349 3479 388 3558 Ι(1)
406 3507 430 3544 v.
446 3506 467 3538 3.
484 3487 581 3536 Balteus
599 3489 622 3539 in
643 3485 722 3536 Gloss.
747 3489 890 3537 Germanico
910 3505 934 3538 v.
952 3491 1054 3556 Fam,
1073 3493 1105 3544 31.
1119 3494 1211 3563 Berek,
1228 3497 1247 3547 1.
1265 3497 1284 3548 1.

313 3622 340 3672 p.
355 3607 421 3666 eoi,
439 3605 536 3666 nctus,
552 3619 578 3670 r.
595 3606 644 3684 111,
657 3619 693 3670 sq.
710 3613 734 3650 et
751 3602 869 3666 Wigsnd‚
889 3621 914 3668 p.
935 3605 960 3654 0.

350 3721 389 3792 (Β)
407 3739 429 3777 v,
447 3723 538 3783 unck,
552 3721 567 3769 1.
585 3722 601 3771 l.
622 3737 645 3786 p.
663 3722 714 3768 ets
734 3731 758 3768 et
775 3720 873 3782 rectus,
893 3719 910 3769 l.
928 3720 946 3776 1.
962 3739 987 3786 p.
1007 3724 1049 3773 ²4.
1120 3758 1127 3764 ,

351 3837 388 3906 (8)
405 3839 421 3886 1.
441 3841 457 3889 l.
475 3857 497 3906 p.
517 3841 581 3901 254,
602 3840 631 3888 31.
650 3839 770 3903 wigand,
787 3856 810 3904 p.
829 3841 854 3887 Β.
