2934 4892
568 525 574 535 .
662 484 723 545 106

253 710 327 775 Jam
347 709 571 794 intelligitur,
601 732 704 798 quare
724 708 957 775 condemnatio
978 704 1021 771 cb
1042 716 1172 771 contu-¹

99 883 100 887 =
206 845 350 911 maniam
383 845 545 935 inprimis
571 857 812 911 extranemum
834 856 904 909 tam
925 841 1117 930 frequenter
1137 852 1172 906 et

205 979 278 1045 fere
297 1003 429 1071 semper
442 979 655 1065 obtinuerit,
687 982 780 1069 quasi
801 977 1006 1070 proaciiptic
1033 974 1171 1067 (Vatic-

205 1104 339 1206 mung),
360 1126 444 1205 quae
465 1130 617 1202 tantum,
645 1118 691 1183 in.
709 1117 870 1183 methodo
891 1113 1093 1205 procedendi
1114 1136 1172 1179 or·

205 1252 353 1338 dinaria,
371 1255 501 1343 sequela
515 1255 742 1321 contumaciae
756 1276 822 1321 ease
835 1265 978 1344 poterat,
989 1251 1171 1343 palmarius

203 1402 288 1457 canet
308 1391 459 1457 instituti
479 1392 610 1459 Vemici
632 1392 777 1458 effectus.

249 1526 491 1595 Condemnatic
504 1527 548 1596 ob
561 1529 807 1595 contumaciam
820 1528 988 1594 sociorum
1002 1537 1036 1592 et
1048 1536 1172 1591 extra·-

203 1685 349 1729 necrum
369 1664 485 1730 ecdem
506 1664 608 1729 modo
628 1662 739 1728 fiebat.
785 1662 821 1729 si
843 1663 984 1746 citatus,
1006 1672 1082 1751 poet
1104 1660 1171 1727 nite

201 1798 304 1866 factae
325 1814 441 1888 'easque
461 1799 616 1890 impletas
632 1799 817 1879 citationes,
832 1822 902 1865 nou
917 1798 1064 1882 veniret,
1076 1818 1171 1863 accu-

43 1944 47 1952 '
133 2007 136 2015 ,
201 1947 293 2003 autor
313 1911 393 1999 cnm
412 1939 485 2017 ejus
505 1943 651 2026 patrono
672 1948 706 2000 et
728 1938 749 1999 6
775 1932 916 2001 scabinis
947 1933 1063 2001 liberie
1096 1957 1197 2033 con-n

181 2075 186 2083 ’
201 2070 495 2139 sacramentalibus
516 2070 692 2162 prodiens,
715 2071 852 2158 rogabat
873 2094 915 2139 an
933 2094 1028 2137 causa
1041 2072 1171 2155 judicic

200 2208 342 2275 Vemico
363 2206 510 2291 subjecta
532 2206 751 2301 (Fcanwrcge)
773 2221 864 2275 esset.
885 2280 887 2287 Α
905 2210 972 2275 Hac
990 2210 1031 2275 de
1045 2232 1083 2275 re
1104 2212 1172 2275 lata

201 2336 366 2410 sententia
387 2344 663 2428 interlocutoria,
686 2345 872 2412 declarabat
893 2368 1007 2415 omnes
1029 2346 1170 2411 citatio-

200 2502 260 2546 nea
295 2480 363 2546 rite
390 2503 455 2547 ease
490 2480 591 2547 factas
614 2493 648 2547 et
668 2481 806 2567 rogabat
823 2483 982 2549 comitem
1003 2482 1169 2567 liberum,
1287 2486 1290 2494 ’

201 2626 267 2701 ut,
290 2615 365 2684 viva
386 2640 486 2706 noce,
509 2629 700 2683 accusatum
721 2619 914 2709 appellaret.
935 2618 974 2701 ,si
995 2619 1170 2685 silentium

200 2751 384 2837 indicaret,
407 2775 487 2819 eum
508 2776 579 2819 non
600 2774 666 2818 esse
686 2764 907 2842 praesentem,
930 2767 1098 2821 accusatus
1121 2757 1168 2839 id,
1233 2716 1238 2731 ¹

200 2892 291 2978 quod
324 2890 452 2957 dicitur
484 2890 524 2955 V
521 2890 716 2980 ollgcn‘cht,
745 2888 899 2979 petebat,
932 2903 971 2957 ut
1002 2903 1170 2959 accusatus

200 3025 395 3116 puniretur.
441 3026 510 3091 Hoc
531 3048 699 3112 concesso,
713 3025 831 3094 Comen
845 3027 932 3094 liber
945 3050 1024 3093 eum
1038 3027 1172 3093 flectere

131 3150 134 3158 ¹
200 3170 288 3247 genu
309 3160 448 3247 jubebat
469 3174 523 3245 et,
547 3160 678 3227 duobus
699 3162 815 3248 digitis
836 3164 875 3229 in
896 3164 1006 3251 gladio
1038 3165 1170 3255 positia,
1281 3188 1286 3199 ¹

198 3299 439 3385 jusjurandum
461 3311 628 3389 praestare
647 3298 798 3382 jubebat:
823 3302 913 3389 quod
931 3325 970 3368 eo
985 3300 1055 3368 fere
1069 3302 1169 3372 redit:

179 3515 182 3523 Ι
199 3432 291 3519 Talia
313 3436 387 3523 quis
408 3434 460 3525 (N.
475 3436 531 3522 N.)
543 3436 631 3502 mihi
640 3435 771 3503 honum
793 3461 908 3505 meum
923 3452 1020 3506 extra
1034 3440 1169 3524 faidam,

201 3582 317 3637 contra
346 3574 478 3657 Deum,
512 3573 678 3656 honorem
700 3588 742 3641 et·
755 3579 810 3662 jue
832 3578 969 3667 eripuit
1015 3577 1105 3643 Hanc
1120 3572 1171 3665 'cb

200 3728 332 3773 caucam
352 3729 431 3773 eum
451 3710 601 3777 accusavi
622 3723 656 3777 et
672 3712 794 3779 citatus
808 3725 857 3779 est
869 3714 1074 3783 secundum
1062 3738 1171 3800 Juaea·

200 3840 251 3905 cri
271 3842 421 3932 imperii.
476 3844 705 3915 Nihilominna
732 3851 906 3917 summum
928 3851 1012 3917 sacri
1033 3850 1170 3940 imperii
