2934 4892
546 535 549 542 -
663 443 760 561 toa'

213 724 323 791 adhue
336 722 425 789 tueri
440 744 475 787 se
493 730 602 811 posse,
621 743 691 787 non
713 742 793 789 vero
807 721 836 787 si
850 734 1050 811 apparerent
1061 701 1176 793 contra
1255 812 1258 817 .
1357 736 1361 743 '

213 858 459 925 exsecutionem
478 856 672 937 sententiae.
697 853 818 926 Omnis
836 856 944 941 igitur
957 858 1043 925 ratio
1060 860 1177 945 agendi

211 1014 287 1075 erga
308 1002 483 1057 extraneos
501 990 624 1057 semim
644 989 683 1055 in
705 984 1018 1059 condemnationem
1042 994 1079 1057 ab
1103 1017 1178 1061 ωη-

190 1168 193 1174 ·
211 1130 384 1195 namnetim
402 1125 546 1191 transiit.
572 1098 661 1203 Cum
679 1148 867 1214 numquam
889 1128 1036 1193 adessent
1050 1139 1085 1194 et
1098 1129 1179 1195 licet
1253 1204 1256 1211 ,

212 1261 379 1343 adessent,
404 1271 520 1350 tamen·
539 1259 682 1328 victores
699 1282 718 1327 e
732 1260 794 1326 lite
808 1262 987 1350 presedere
1005 1285 1076 1331 non
1093 1286 1177 1352 pos·-

210 1408 301 1480 sent,
324 1418 417 1486 saepe
432 1396 518 1483 quin
531 1405 565 1461 et
577 1396 678 1480 vulgo
693 1358 869 1463 citationes
884 1359 1129 1465 mittebantur
1145 1412 1178 1465 et

210 1530 363 1595 extranei
396 1554 465 1597 non
491 1530 587 1595 citati
609 1552 716 1617 nsque
744 1530 852 1597 auditi
875 1542 909 1595 et
935 1552 1005 1595 non
1030 1528 1176 1615 defensi,

209 1660 516 1753 proscribebantur,
546 1675 624 1729 cdm
647 1676 764 1731 contra
784 1666 877 1753 quasi
893 1664 984 1731 inter
1001 1665 1178 1755 privilegis

210 1798 423 1868 scabinorum
444 1798 632 1867 liberorum
662 1798 852 1883 referatur,
878 1800 968 1888 quod
991 1799 1089 1867 citari
1112 1800 1177 1865 de-

209 1933 341 2001 bebant.

251 2072 367 2158 Itaque
386 2068 589 2159 petentibus,
611 2070 713 2136 initio
731 2064 842 2137 seculi
856 2070 930 2153 XV,
947 2070 1086 2159 Imperii
1102 2069 1178 2137 Or·-

94 2242 99 2255 ·
211 2204 366 2289 dinibus,
382 2216 416 2295 et
434 2198 612 2272 ordinante
633 2206 859 2295 Imperatore,
879 2204 1064 2269 instaurata
1081 2218 1178 2289 sunt,
1251 2191 1256 2201 ’

208 2345 308 2422 juxta
326 2340 453 2423 judicia
476 2351 620 2423 secreta,
643 2339 770 2425 judicia
791 2336 945 2429 publica,
966 2361 1078 2405 coram
1101 2340 1179 2427 qui·
1272 2348 1273 2351 ’
1317 2398 1345 2441 ·.

206 2474 270 2541 bns
288 2473 440 2546 extranei
458 2452 721 2539 essent'citandi.
744 2472 796 2543 Cf.
805 2448 963 2560 Wigsnd,
981 2476 1032 2540 l.l.
1053 2498 1088 2564 p.
1099 2478 1177 2541 tlt.

253 2609 383 2693 Modus,
395 2633 474 2698 quox
483 2610 597 2677 citatio
608 2622 770 2677 extraneo
784 2608 988 2694 tradebatur,
1004 2584 1179 2677 differebat

210 2744 251 2813 ab
268 2769 307 2811 eo
330 2769 398 2834 quo
420 2746 504 2811 scito
517 2746 731 2813 tradebatur.
777 2748 804 2813 F
804 2745 892 2813 iebat
904 2770 967 2836 per
980 2734 1179 2836 praeconem

103 2897 106 2905 ·
132 2960 136 2969 ἱ
209 2893 244 2946 et
261 2880 386 2949 litteris
404 2882 636 2955 mandabatur.
697 2882 823 2950 Dilatio
846 2880 1128 2949 ohebdomadum
1145 2868 1181 2949 et

209 3018 387 3101 ddierum,
407 3018 608 3086 sedtantum
628 3043 693 3085 una
708 3019 791 3103 vice,
814 3020 846 3085 ei
865 3017 1107 3145 concedebatur
1118 3017 1177 3107 (1).

1070 3198 1082 3229 0

244 3282 282 3354 (l)
298 3287 388 3353 brak,
415 3287 433 3340 1.
451 3288 468 3335 l¹
485 3290 545 3337 ³12.
574 3287 662 3337 citatio
683 3286 740 3336 talis
762 3301 829 3351 saepe
848 3285 957 3351 praeconi
977 3282 1105 3350 periculosa
1129 3298 1179 3330 essa

209 3411 310 3468 poterat,
329 3406 350 3452 si
365 3420 390 3459 v.
407 3422 428 3453 c.
439 3414 490 3453 tota
506 3403 563 3453 urbs
575 3413 616 3452 ant
632 3400 729 3467 nobilis,
749 3402 774 3450 in
794 3399 890 3451 castallo
910 3416 959 3464 suo,
977 3409 1039 3449 esset
1053 3395 1179 3457 citandus,

210 3534 280 3585 quere
297 3527 353 3569 tune
370 3537 439 3587 saepe
459 3530 527 3571 noete
538 3519 611 3569 fiebat
628 3530 653 3568 et
666 3535 715 3567 non
730 3500 824 3567 necessa
842 3526 960 3567 erateam
976 3517 1023 3582 ipsi
1042 3515 1113 3565 citato
1129 3522 1180 3561 trs·

210 3630 273 3700 detq
290 3634 469 3687 sedsuffiaiebat
478 3655 529 3687 eam
544 3646 625 3703 portae
635 3594 701 3685 urbis
718 3635 757 3685 rel
772 3632 864 3685 castelli
873 3630 967 3698 effigere
981 3632 1018 3681 vel
1033 3630 1080 3681 alio
1092 3629 1116 3679 in
1128 3628 1178 3677 loss

209 3765 302 3816 Nm,
312 3767 359 3818 quc
369 3753 438 3802 seirat
450 3770 533 3821 praeco
550 3770 602 3803 ean
618 3752 783 3803 boninesessa
798 3752 944 3801 inventuros.
982 3748 1018 3799 (ἶί.
1032 3746 1113 3812 snat,
1128 3744 1146 3795 l.
1161 3743 1181 3793 1.

210 3882 234 3932 ρ.
250 3868 301 3917 su
315 3884 352 3935 sq.
385 3868 484 3934 senaa,
495 3870 516 3934 ι,
530 3886 555 3935 p.
573 3871 713 3920 roo-sor.
855 3832 857 3837 ’
