<?xml version="1.0" encoding="UTF-8"?>
<!DOCTYPE html PUBLIC "-//W3C//DTD XHTML 1.0 Transitional//EN"
    "http://www.w3.org/TR/xhtml1/DTD/xhtml1-transitional.dtd">
<html xmlns="http://www.w3.org/1999/xhtml" xml:lang="en" lang="en">
 <head>
  <title>
</title>
<meta http-equiv="Content-Type" content="text/html;charset=utf-8" />
  <meta name='ocr-system' content='tesseract 3.04.00' />
  <meta name='ocr-capabilities' content='ocr_page ocr_carea ocr_par ocr_line ocrx_word'/>
</head>
<body>
  <div class='ocr_page' id='page_1' title='image "./dejudiciisvemic00cockgoog_0052.png"; bbox 0 0 2934 4892; ppageno 0'>
   <div class='ocr_carea' id='block_1_1' title="bbox 759 483 801 542">
    <p class='ocr_par' dir='ltr' id='par_1_1' title="bbox 759 483 801 542">
     <span class='ocr_line' id='line_1_1' title="bbox 759 483 801 542; baseline -0.048 0"><span class='ocrx_word' id='word_1_1' title='bbox 759 483 801 542; x_wconf 80' lang='grc'><strong>36</strong></span> 
     </span>
    </p>
   </div>
   <div class='ocr_carea' id='block_1_2' title="bbox 198 706 1289 796">
    <p class='ocr_par' dir='ltr' id='par_1_2' title="bbox 198 683 1289 796">
     <span class='ocr_line' id='line_1_2' title="bbox 198 706 1289 796; baseline -0.002 -20"><span class='ocrx_word' id='word_1_2' title='bbox 198 753 201 760; x_wconf 70' lang='lat'><strong>,</strong></span> <span class='ocrx_word' id='word_1_3' title='bbox 316 735 366 776; x_wconf 86' lang='lat' dir='ltr'><strong>sos</strong></span> <span class='ocrx_word' id='word_1_4' title='bbox 390 734 408 774; x_wconf 87' lang='lat' dir='ltr'><strong>a</strong></span> <span class='ocrx_word' id='word_1_5' title='bbox 430 707 601 796; x_wconf 86' lang='lat' dir='ltr'><strong>judicibus</strong></span> <span class='ocrx_word' id='word_1_6' title='bbox 626 709 780 788; x_wconf 63' lang='lat' dir='ltr'><strong>eleriyel</strong></span> <span class='ocrx_word' id='word_1_7' title='bbox 798 706 966 774; x_wconf 82' lang='lat' dir='ltr'>nobilium</span> <span class='ocrx_word' id='word_1_8' title='bbox 988 707 1203 776; x_wconf 88' lang='lat' dir='ltr'><strong>subditorum</strong></span> <span class='ocrx_word' id='word_1_9' title='bbox 1221 711 1289 794; x_wconf 81' lang='lat' dir='ltr'><strong>sig·</strong></span> 
     </span>
    </p>
   </div>
   <div class='ocr_carea' id='block_1_3' title="bbox 316 844 511 910">
    <p class='ocr_par' dir='ltr' id='par_1_3' title="bbox 316 844 511 910">
     <span class='ocr_line' id='line_1_3' title="bbox 316 844 511 910; baseline -0.01 0"><span class='ocrx_word' id='word_1_10' title='bbox 316 844 511 910; x_wconf 85' lang='lat' dir='ltr'><strong>nificsndos.</strong></span> 
     </span>
    </p>
   </div>
   <div class='ocr_carea' id='block_1_4' title="bbox 359 943 1288 1070">
    <p class='ocr_par' dir='ltr' id='par_1_4' title="bbox 359 943 1288 1070">
     <span class='ocr_line' id='line_1_4' title="bbox 359 943 1288 1070; baseline 0 -25"><span class='ocrx_word' id='word_1_11' title='bbox 359 943 481 1046; x_wconf 76' lang='lat' dir='ltr'><strong>Plsoita</strong></span> <span class='ocrx_word' id='word_1_12' title='bbox 497 981 675 1070; x_wconf 62' lang='lat' dir='ltr'><strong>generales</strong></span> <span class='ocrx_word' id='word_1_13' title='bbox 695 979 804 1062; x_wconf 84' lang='lat' dir='ltr'><strong>teria</strong></span> <span class='ocrx_word' id='word_1_14' title='bbox 821 1001 909 1044; x_wconf 89' lang='lat' dir='ltr'><strong>anno</strong></span> <span class='ocrx_word' id='word_1_15' title='bbox 924 979 961 1044; x_wconf 89' lang='lat' dir='ltr'><strong>in</strong></span> <span class='ocrx_word' id='word_1_16' title='bbox 976 979 1077 1044; x_wconf 87' lang='lat' dir='ltr'><strong>Mallo</strong></span> <span class='ocrx_word' id='word_1_17' title='bbox 1093 977 1213 1068; x_wconf 79' lang='lat' dir='ltr'><strong>(Male)</strong></span> <span class='ocrx_word' id='word_1_18' title='bbox 1228 1005 1288 1046; x_wconf 83' lang='lat' dir='ltr'><strong>au-</strong></span> 
     </span>
    </p>
   </div>
   <div class='ocr_carea' id='block_1_5' title="bbox 210 1094 1336 3384">
    <p class='ocr_par' dir='ltr' id='par_1_5' title="bbox 210 1094 1336 3384">
     <span class='ocr_line' id='line_1_5' title="bbox 315 1094 1288 1205; baseline 0.003 -27"><span class='ocrx_word' id='word_1_19' title='bbox 315 1114 411 1204; x_wconf 89' lang='lat' dir='ltr'><strong>tiquo</strong></span> <span class='ocrx_word' id='word_1_20' title='bbox 438 1114 627 1194; x_wconf 83' lang='lat' dir='ltr'><strong>habentur,</strong></span> <span class='ocrx_word' id='word_1_21' title='bbox 662 1094 853 1205; x_wconf 63' lang='lat' dir='ltr'><strong>singulm</strong></span> <span class='ocrx_word' id='word_1_22' title='bbox 878 1116 1143 1204; x_wconf 68' lang='lat' dir='ltr'><strong>quandocunque</strong></span> <span class='ocrx_word' id='word_1_23' title='bbox 1171 1117 1288 1184; x_wconf 81' lang='lat' dir='ltr'><strong>comiti</strong></span> 
     </span>
     <span class='ocr_line' id='line_1_6' title="bbox 314 1250 1288 1343; baseline -0.001 -25"><span class='ocrx_word' id='word_1_24' title='bbox 314 1253 442 1342; x_wconf 86' lang='lat' dir='ltr'><strong>placeat</strong></span> <span class='ocrx_word' id='word_1_25' title='bbox 470 1250 537 1341; x_wconf 84' lang='lat'>(1);</span> <span class='ocrx_word' id='word_1_26' title='bbox 562 1251 620 1316; x_wconf 89' lang='lat' dir='ltr'><strong>illa</strong></span> <span class='ocrx_word' id='word_1_27' title='bbox 650 1263 815 1318; x_wconf 84' lang='lat' dir='ltr'><strong>vocantur</strong></span> <span class='ocrx_word' id='word_1_28' title='bbox 839 1253 902 1318; x_wconf 78' lang='lat' dir='ltr'><strong>das</strong></span> <span class='ocrx_word' id='word_1_29' title='bbox 929 1252 1090 1341; x_wconf 75' lang='lat' dir='ltr'><strong>lsngetott</strong></span> <span class='ocrx_word' id='word_1_30' title='bbox 1112 1255 1288 1343; x_wconf 86' lang='lat' dir='ltr'><strong>(ouopont-</strong></span> 
     </span>
     <span class='ocr_line' id='line_1_7' title="bbox 314 1355 1288 1478; baseline 0.005 -28"><span class='ocrx_word' id='word_1_31' title='bbox 314 1385 455 1472; x_wconf 86' lang='lat' dir='ltr'><strong>boden),</strong></span> <span class='ocrx_word' id='word_1_32' title='bbox 478 1385 559 1450; x_wconf 87' lang='lat' dir='ltr'><strong>haee</strong></span> <span class='ocrx_word' id='word_1_33' title='bbox 582 1389 646 1453; x_wconf 84' lang='lat' dir='ltr'><strong>das</strong></span> <span class='ocrx_word' id='word_1_34' title='bbox 660 1389 814 1477; x_wconf 81' lang='lat' dir='ltr'><strong>gebotene</strong></span> <span class='ocrx_word' id='word_1_35' title='bbox 834 1385 940 1478; x_wconf 79' lang='lat' dir='ltr'><strong>Ding.</strong></span> <span class='ocrx_word' id='word_1_36' title='bbox 988 1389 1119 1454; x_wconf 89' lang='lat' dir='ltr'><strong>Placitis</strong></span> <span class='ocrx_word' id='word_1_37' title='bbox 1140 1355 1288 1475; x_wconf 74' lang='lat' dir='ltr'><strong>siugula-</strong></span> 
     </span>
     <span class='ocr_line' id='line_1_8' title="bbox 314 1505 1336 1611; baseline 0.002 -21"><span class='ocrx_word' id='word_1_38' title='bbox 314 1523 409 1590; x_wconf 88' lang='lat' dir='ltr'><strong>ribus</strong></span> <span class='ocrx_word' id='word_1_39' title='bbox 429 1547 499 1589; x_wconf 89' lang='lat' dir='ltr'><strong>non</strong></span> <span class='ocrx_word' id='word_1_40' title='bbox 522 1523 588 1588; x_wconf 88' lang='lat' dir='ltr'><strong>nisi</strong></span> <span class='ocrx_word' id='word_1_41' title='bbox 611 1505 669 1611; x_wconf 83' lang='lat' dir='ltr'><strong>qui</strong></span> <span class='ocrx_word' id='word_1_42' title='bbox 691 1525 828 1608; x_wconf 81' lang='lat' dir='ltr'><strong>litigant</strong></span> <span class='ocrx_word' id='word_1_43' title='bbox 848 1537 907 1588; x_wconf 90' lang='lat' dir='ltr'><strong>aut</strong></span> <span class='ocrx_word' id='word_1_44' title='bbox 927 1525 1083 1606; x_wconf 85' lang='lat' dir='ltr'><strong>judicant</strong></span> <span class='ocrx_word' id='word_1_45' title='bbox 1098 1526 1153 1592; x_wconf 85' lang='lat' dir='ltr'><strong>vel</strong></span> <span class='ocrx_word' id='word_1_46' title='bbox 1166 1527 1290 1592; x_wconf 81' lang='lat' dir='ltr'><strong>testifi·</strong></span> <span class='ocrx_word' id='word_1_47' title='bbox 1330 1584 1336 1604; x_wconf 87' lang='lat'>‚</span> 
     </span>
     <span class='ocr_line' id='line_1_9' title="bbox 314 1657 1289 1747; baseline 0 -21"><span class='ocrx_word' id='word_1_48' title='bbox 314 1673 435 1726; x_wconf 88' lang='lat' dir='ltr'><strong>cantur</strong></span> <span class='ocrx_word' id='word_1_49' title='bbox 449 1661 570 1725; x_wconf 79' lang='lat' dir='ltr'><strong>adsunt</strong></span> <span class='ocrx_word' id='word_1_50' title='bbox 592 1657 650 1747; x_wconf 82' lang='lat'><strong>(2).</strong></span> <span class='ocrx_word' id='word_1_51' title='bbox 697 1659 827 1726; x_wconf 85' lang='lat' dir='ltr'><strong>Sensim</strong></span> <span class='ocrx_word' id='word_1_52' title='bbox 849 1659 978 1726; x_wconf 90' lang='lat' dir='ltr'><strong>nobiles</strong></span> <span class='ocrx_word' id='word_1_53' title='bbox 997 1660 1180 1738; x_wconf 82' lang='lat' dir='ltr'><strong>adsumunt</strong></span> <span class='ocrx_word' id='word_1_54' title='bbox 1203 1663 1289 1726; x_wconf 90' lang='lat' dir='ltr'><strong>titu-</strong></span> 
     </span>
     <span class='ocr_line' id='line_1_10' title="bbox 314 1794 1288 1887; baseline 0.001 -24"><span class='ocrx_word' id='word_1_55' title='bbox 314 1800 389 1864; x_wconf 91' lang='lat' dir='ltr'><strong>lum</strong></span> <span class='ocrx_word' id='word_1_56' title='bbox 408 1801 599 1884; x_wconf 55' lang='lat' dir='ltr'><strong>putans:</strong></span> <span class='ocrx_word' id='word_1_57' title='bbox 620 1817 663 1860; x_wconf 78' lang='lat' dir='ltr'><strong>ex</strong></span> <span class='ocrx_word' id='word_1_58' title='bbox 684 1794 803 1862; x_wconf 87' lang='lat' dir='ltr'><strong>liberis</strong></span> <span class='ocrx_word' id='word_1_59' title='bbox 826 1818 906 1863; x_wconf 86' lang='lat' dir='ltr'><strong>vero</strong></span> <span class='ocrx_word' id='word_1_60' title='bbox 929 1821 1036 1864; x_wconf 85' lang='lat' dir='ltr'><strong>novus</strong></span> <span class='ocrx_word' id='word_1_61' title='bbox 1056 1798 1174 1887; x_wconf 85' lang='lat' dir='ltr'><strong>prodit</strong></span> <span class='ocrx_word' id='word_1_62' title='bbox 1192 1798 1288 1881; x_wconf 87' lang='lat' dir='ltr'><strong>ordo,</strong></span> 
     </span>
     <span class='ocr_line' id='line_1_11' title="bbox 314 1916 1288 2024; baseline -0.003 -22"><span class='ocrx_word' id='word_1_63' title='bbox 314 1935 473 2024; x_wconf 78' lang='lat' dir='ltr'><strong>Equitum</strong></span> <span class='ocrx_word' id='word_1_64' title='bbox 490 1917 617 1998; x_wconf 85' lang='lat' dir='ltr'><strong>scilicet</strong></span> <span class='ocrx_word' id='word_1_65' title='bbox 638 1944 672 1997; x_wconf 91' lang='lat' dir='ltr'><strong>et</strong></span> <span class='ocrx_word' id='word_1_66' title='bbox 693 1916 857 1998; x_wconf 82' lang='lat' dir='ltr'><strong>numerus</strong></span> <span class='ocrx_word' id='word_1_67' title='bbox 869 1955 989 1998; x_wconf 90' lang='lat' dir='ltr'><strong>eorum</strong></span> <span class='ocrx_word' id='word_1_68' title='bbox 1008 1933 1152 2001; x_wconf 80' lang='lat' dir='ltr'><strong>in&#39;diem</strong></span> <span class='ocrx_word' id='word_1_69' title='bbox 1163 1934 1288 1999; x_wconf 84' lang='lat' dir='ltr'><strong>decres-</strong></span> 
     </span>
     <span class='ocr_line' id='line_1_12' title="bbox 315 2057 1288 2169; baseline 0.001 -34"><span class='ocrx_word' id='word_1_70' title='bbox 315 2070 362 2136; x_wconf 90' lang='lat' dir='ltr'><strong>cit</strong></span> <span class='ocrx_word' id='word_1_71' title='bbox 388 2074 530 2158; x_wconf 84' lang='lat' dir='ltr'><strong>juraque</strong></span> <span class='ocrx_word' id='word_1_72' title='bbox 561 2057 750 2137; x_wconf 81' lang='lat' dir='ltr'><strong>liber&#39;orum</strong></span> <span class='ocrx_word' id='word_1_73' title='bbox 769 2069 807 2134; x_wconf 90' lang='lat' dir='ltr'><strong>in</strong></span> <span class='ocrx_word' id='word_1_74' title='bbox 828 2081 899 2135; x_wconf 89' lang='lat' dir='ltr'><strong>toto</strong></span> <span class='ocrx_word' id='word_1_75' title='bbox 919 2070 1065 2159; x_wconf 88' lang='lat' dir='ltr'><strong>imperio</strong></span> <span class='ocrx_word' id='word_1_76' title='bbox 1087 2070 1288 2169; x_wconf 84' lang='lat' dir='ltr'><strong>Germanico</strong></span> 
     </span>
     <span class='ocr_line' id='line_1_13' title="bbox 314 2206 1287 2296; baseline 0.001 -24"><span class='ocrx_word' id='word_1_77' title='bbox 314 2218 494 2296; x_wconf 85' lang='lat' dir='ltr'><strong>mutantur</strong></span> <span class='ocrx_word' id='word_1_78' title='bbox 513 2219 547 2272; x_wconf 88' lang='lat' dir='ltr'><strong>et</strong></span> <span class='ocrx_word' id='word_1_79' title='bbox 566 2217 778 2283; x_wconf 83' lang='lat' dir='ltr'><strong>evanescunt,</strong></span> <span class='ocrx_word' id='word_1_80' title='bbox 800 2229 867 2270; x_wconf 91' lang='lat' dir='ltr'><strong>una</strong></span> <span class='ocrx_word' id='word_1_81' title='bbox 885 2216 1020 2271; x_wconf 89' lang='lat' dir='ltr'><strong>tantum</strong></span> <span class='ocrx_word' id='word_1_82' title='bbox 1037 2206 1076 2272; x_wconf 91' lang='lat' dir='ltr'><strong>in</strong></span> <span class='ocrx_word' id='word_1_83' title='bbox 1096 2206 1287 2296; x_wconf 83' lang='lat' dir='ltr'><strong>Westpha-</strong></span> 
     </span>
     <span class='ocr_line' id='line_1_14' title="bbox 313 2341 1292 2442; baseline -0.001 -34"><span class='ocrx_word' id='word_1_84' title='bbox 313 2344 357 2408; x_wconf 80' lang='lat' dir='ltr'><strong>lia</strong></span> <span class='ocrx_word' id='word_1_85' title='bbox 375 2354 536 2442; x_wconf 84' lang='lat' dir='ltr'><strong>excepta,</strong></span> <span class='ocrx_word' id='word_1_86' title='bbox 558 2346 655 2422; x_wconf 88' lang='lat' dir='ltr'><strong>cujus</strong></span> <span class='ocrx_word' id='word_1_87' title='bbox 674 2341 814 2424; x_wconf 81' lang='lat' dir='ltr'><strong>incolae,</strong></span> <span class='ocrx_word' id='word_1_88' title='bbox 832 2353 984 2407; x_wconf 86' lang='lat' dir='ltr'><strong>veterum</strong></span> <span class='ocrx_word' id='word_1_89' title='bbox 1005 2341 1139 2427; x_wconf 88' lang='lat' dir='ltr'><strong>jurium</strong></span> <span class='ocrx_word' id='word_1_90' title='bbox 1160 2355 1195 2408; x_wconf 88' lang='lat' dir='ltr'><strong>et</strong></span> <span class='ocrx_word' id='word_1_91' title='bbox 1207 2365 1292 2408; x_wconf 85' lang='lat' dir='ltr'><strong>oon-·</strong></span> 
     </span>
     <span class='ocr_line' id='line_1_15' title="bbox 314 2464 1286 2574; baseline -0.001 -30"><span class='ocrx_word' id='word_1_92' title='bbox 314 2479 535 2544; x_wconf 86' lang='lat' dir='ltr'><strong>suetudinum</strong></span> <span class='ocrx_word' id='word_1_93' title='bbox 556 2488 704 2558; x_wconf 82' lang='lat' dir='ltr'><strong>tenaces,</strong></span> <span class='ocrx_word' id='word_1_94' title='bbox 726 2499 796 2541; x_wconf 93' lang='lat' dir='ltr'><strong>non</strong></span> <span class='ocrx_word' id='word_1_95' title='bbox 817 2476 897 2542; x_wconf 88' lang='lat' dir='ltr'><strong>adeo</strong></span> <span class='ocrx_word' id='word_1_96' title='bbox 918 2464 1014 2574; x_wconf 67' lang='lat' dir='ltr'><strong>facite</strong></span> <span class='ocrx_word' id='word_1_97' title='bbox 1033 2487 1066 2540; x_wconf 85' lang='lat' dir='ltr'><strong>et</strong></span> <span class='ocrx_word' id='word_1_98' title='bbox 1080 2474 1227 2542; x_wconf 81' lang='lat' dir='ltr'><strong>libenter</strong></span> <span class='ocrx_word' id='word_1_99' title='bbox 1246 2479 1286 2543; x_wconf 89' lang='lat' dir='ltr'><strong>in</strong></span> 
     </span>
     <span class='ocr_line' id='line_1_16' title="bbox 287 2593 1289 2704; baseline 0.001 -24"><span class='ocrx_word' id='word_1_100' title='bbox 287 2593 289 2598; x_wconf 88' lang='lat'><em>.</em></span> <span class='ocrx_word' id='word_1_101' title='bbox 314 2615 545 2681; x_wconf 77' lang='lat' dir='ltr'><strong>conditionem</strong></span> <span class='ocrx_word' id='word_1_102' title='bbox 571 2619 722 2704; x_wconf 88' lang='lat' dir='ltr'><strong>pejorem</strong></span> <span class='ocrx_word' id='word_1_103' title='bbox 747 2614 894 2679; x_wconf 90' lang='lat' dir='ltr'><strong>aliorum</strong></span> <span class='ocrx_word' id='word_1_104' title='bbox 918 2625 1104 2680; x_wconf 88' lang='lat' dir='ltr'><strong>transeunt.</strong></span> <span class='ocrx_word' id='word_1_105' title='bbox 1150 2596 1289 2691; x_wconf 79' lang='lat' dir='ltr'><strong>Manent</strong></span> 
     </span>
     <span class='ocr_line' id='line_1_17' title="bbox 313 2748 1287 2840; baseline 0.005 -26"><span class='ocrx_word' id='word_1_106' title='bbox 313 2749 363 2814; x_wconf 91' lang='lat' dir='ltr'><strong>ibi</strong></span> <span class='ocrx_word' id='word_1_107' title='bbox 385 2749 504 2830; x_wconf 87' lang='lat' dir='ltr'><strong>liberi,</strong></span> <span class='ocrx_word' id='word_1_108' title='bbox 527 2748 773 2828; x_wconf 76' lang='lat' dir='ltr'><strong>tales&#39;subditi‚</strong></span> <span class='ocrx_word' id='word_1_109' title='bbox 797 2773 880 2836; x_wconf 90' lang='lat' dir='ltr'><strong>quos</strong></span> <span class='ocrx_word' id='word_1_110' title='bbox 894 2749 985 2814; x_wconf 86' lang='lat' dir='ltr'><strong>inter</strong></span> <span class='ocrx_word' id='word_1_111' title='bbox 1000 2762 1033 2814; x_wconf 87' lang='lat' dir='ltr'><strong>et</strong></span> <span class='ocrx_word' id='word_1_112' title='bbox 1046 2751 1287 2840; x_wconf 83' lang='lat' dir='ltr'><strong>imperatorem</strong></span> 
     </span>
     <span class='ocr_line' id='line_1_18' title="bbox 313 2885 1288 2971; baseline 0.001 -19"><span class='ocrx_word' id='word_1_113' title='bbox 313 2887 433 2954; x_wconf 85' lang='lat' dir='ltr'><strong>relatio</strong></span> <span class='ocrx_word' id='word_1_114' title='bbox 450 2887 560 2952; x_wconf 83' lang='lat' dir='ltr'><strong>adhuc</strong></span> <span class='ocrx_word' id='word_1_115' title='bbox 575 2886 701 2951; x_wconf 85' lang='lat' dir='ltr'><strong>directa</strong></span> <span class='ocrx_word' id='word_1_116' title='bbox 722 2886 925 2969; x_wconf 81' lang='lat' dir='ltr'><strong>intercedat,</strong></span> <span class='ocrx_word' id='word_1_117' title='bbox 950 2885 1092 2952; x_wconf 88' lang='lat' dir='ltr'><strong>subsunt</strong></span> <span class='ocrx_word' id='word_1_118' title='bbox 1106 2887 1213 2971; x_wconf 81' lang='lat' dir='ltr'><strong>igitur·</strong></span> <span class='ocrx_word' id='word_1_119' title='bbox 1227 2888 1288 2953; x_wconf 92' lang='lat' dir='ltr'><strong>ad-</strong></span> 
     </span>
     <span class='ocr_line' id='line_1_19' title="bbox 210 3021 1289 3124; baseline 0.003 -36"><span class='ocrx_word' id='word_1_120' title='bbox 210 3113 213 3124; x_wconf 31' lang='lat'><strong>,</strong></span> <span class='ocrx_word' id='word_1_121' title='bbox 312 3024 381 3088; x_wconf 86' lang='lat' dir='ltr'><strong>huo</strong></span> <span class='ocrx_word' id='word_1_122' title='bbox 402 3021 573 3109; x_wconf 84' lang='lat' dir='ltr'><strong>judicibus</strong></span> <span class='ocrx_word' id='word_1_123' title='bbox 595 3022 636 3088; x_wconf 86' lang='lat' dir='ltr'><strong>ab</strong></span> <span class='ocrx_word' id='word_1_124' title='bbox 655 3023 861 3121; x_wconf 84' lang='lat' dir='ltr'><strong>imperatore</strong></span> <span class='ocrx_word' id='word_1_125' title='bbox 884 3021 959 3111; x_wconf 86' lang='lat' dir='ltr'><strong>ipso</strong></span> <span class='ocrx_word' id='word_1_126' title='bbox 980 3023 1146 3089; x_wconf 84' lang='lat' dir='ltr'><strong>investitis</strong></span> <span class='ocrx_word' id='word_1_127' title='bbox 1160 3035 1195 3088; x_wconf 88' lang='lat' dir='ltr'><strong>et</strong></span> <span class='ocrx_word' id='word_1_128' title='bbox 1216 3021 1289 3091; x_wconf 81' lang='lat' dir='ltr'><strong>suf-</strong></span> 
     </span>
     <span class='ocr_line' id='line_1_20' title="bbox 221 3156 1289 3254; baseline 0.003 -32"><span class='ocrx_word' id='word_1_129' title='bbox 221 3189 241 3254; x_wconf 74' lang='grc' dir='ltr'><strong> </strong></span> <span class='ocrx_word' id='word_1_130' title='bbox 311 3157 417 3243; x_wconf 70' lang='lat' dir='ltr'><strong>fragia</strong></span> <span class='ocrx_word' id='word_1_131' title='bbox 446 3159 484 3222; x_wconf 91' lang='lat' dir='ltr'><strong>in</strong></span> <span class='ocrx_word' id='word_1_132' title='bbox 503 3157 639 3243; x_wconf 86' lang='lat' dir='ltr'><strong>judiciis</strong></span> <span class='ocrx_word' id='word_1_133' title='bbox 662 3156 777 3224; x_wconf 83' lang='lat' dir='ltr'><strong>ferunt</strong></span> <span class='ocrx_word' id='word_1_134' title='bbox 800 3180 895 3224; x_wconf 89' lang='lat' dir='ltr'><strong>more</strong></span> <span class='ocrx_word' id='word_1_135' title='bbox 919 3169 1042 3247; x_wconf 86' lang='lat' dir='ltr'><strong>patruo</strong></span> <span class='ocrx_word' id='word_1_136' title='bbox 1068 3158 1205 3246; x_wconf 82' lang='lat' dir='ltr'><strong>aliisque</strong></span> <span class='ocrx_word' id='word_1_137' title='bbox 1228 3160 1289 3238; x_wconf 78' lang='lat' dir='ltr'><strong>de·</strong></span> 
     </span>
     <span class='ocr_line' id='line_1_21' title="bbox 312 3266 1301 3384; baseline 0.002 -22"><span class='ocrx_word' id='word_1_138' title='bbox 312 3295 416 3383; x_wconf 88' lang='lat' dir='ltr'><strong>nique</strong></span> <span class='ocrx_word' id='word_1_139' title='bbox 433 3318 467 3360; x_wconf 87' lang='lat' dir='ltr'><strong>se</strong></span> <span class='ocrx_word' id='word_1_140' title='bbox 478 3286 625 3380; x_wconf 65' lang='lat' dir='ltr'><strong>gloriari</strong></span> <span class='ocrx_word' id='word_1_141' title='bbox 643 3307 784 3384; x_wconf 88' lang='lat' dir='ltr'><strong>possunt</strong></span> <span class='ocrx_word' id='word_1_142' title='bbox 796 3293 942 3380; x_wconf 86' lang='lat' dir='ltr'><strong>juribus.</strong></span> <span class='ocrx_word' id='word_1_143' title='bbox 966 3266 1094 3362; x_wconf 75' lang='lat' dir='ltr'><strong>Caeteri</strong></span> <span class='ocrx_word' id='word_1_144' title='bbox 1117 3317 1197 3361; x_wconf 89' lang='lat' dir='ltr'><strong>vero</strong></span> <span class='ocrx_word' id='word_1_145' title='bbox 1216 3290 1301 3364; x_wconf 52' lang='lat' dir='ltr'><strong>om?</strong></span> 
     </span>
    </p>
   </div>
   <div class='ocr_carea' id='block_1_6' title="bbox 289 3418 1285 3530">
    <p class='ocr_par' dir='ltr' id='par_1_6' title="bbox 289 3418 1285 3530">
     <span class='ocr_line' id='line_1_22' title="bbox 289 3418 1285 3530; baseline -0.001 -33"><span class='ocrx_word' id='word_1_146' title='bbox 289 3441 292 3460; x_wconf 93' lang='lat'>&#39;</span> <span class='ocrx_word' id='word_1_147' title='bbox 313 3453 370 3498; x_wconf 91' lang='lat' dir='ltr'><strong>nes</strong></span> <span class='ocrx_word' id='word_1_148' title='bbox 389 3418 533 3496; x_wconf 77' lang='lat' dir='ltr'><strong>subsunt</strong></span> <span class='ocrx_word' id='word_1_149' title='bbox 552 3430 689 3517; x_wconf 86' lang='lat' dir='ltr'><strong>judiciis</strong></span> <span class='ocrx_word' id='word_1_150' title='bbox 714 3431 798 3496; x_wconf 87' lang='lat' dir='ltr'><strong>cleri</strong></span> <span class='ocrx_word' id='word_1_151' title='bbox 819 3431 872 3497; x_wconf 83' lang='lat' dir='ltr'><strong>vel</strong></span> <span class='ocrx_word' id='word_1_152' title='bbox 883 3429 1080 3530; x_wconf 87' lang='lat' dir='ltr'><strong>Nobilium,</strong></span> <span class='ocrx_word' id='word_1_153' title='bbox 1103 3453 1212 3519; x_wconf 85' lang='lat' dir='ltr'><strong>nsque</strong></span> <span class='ocrx_word' id='word_1_154' title='bbox 1225 3432 1285 3496; x_wconf 92' lang='lat' dir='ltr'><strong>di-</strong></span> 
     </span>
    </p>
   </div>
   <div class='ocr_carea' id='block_1_7' title="bbox 345 3735 1009 3937">
    <p class='ocr_par' dir='ltr' id='par_1_7' title="bbox 345 3735 1009 3937">
     <span class='ocr_line' id='line_1_23' title="bbox 345 3735 969 3822; baseline -0.01 -20"><span class='ocrx_word' id='word_1_155' title='bbox 345 3752 383 3820; x_wconf 83' lang='lat'><strong>(1)</strong></span> <span class='ocrx_word' id='word_1_156' title='bbox 417 3735 538 3820; x_wconf 69' lang='lat' dir='ltr'><strong>Wigand,</strong></span> <span class='ocrx_word' id='word_1_157' title='bbox 555 3751 573 3803; x_wconf 84' lang='grc' dir='ltr'><strong>Ι.</strong></span> <span class='ocrx_word' id='word_1_158' title='bbox 591 3753 608 3802; x_wconf 89' lang='lat' dir='ltr'><strong>l.</strong></span> <span class='ocrx_word' id='word_1_159' title='bbox 625 3767 691 3822; x_wconf 67' lang='lat' dir='ltr'><strong>pp.</strong></span> <span class='ocrx_word' id='word_1_160' title='bbox 708 3751 742 3799; x_wconf 82' lang='grc'><strong>70</strong></span> <span class='ocrx_word' id='word_1_161' title='bbox 758 3766 810 3819; x_wconf 77' lang='lat' dir='ltr'><strong>sqq.</strong></span> <span class='ocrx_word' id='word_1_162' title='bbox 967 3816 969 3821; x_wconf 28' lang='grc' dir='ltr'>Ι</span> 
     </span>
     <span class='ocr_line' id='line_1_24' title="bbox 346 3861 1009 3937; baseline -0.005 -20"><span class='ocrx_word' id='word_1_163' title='bbox 346 3864 389 3937; x_wconf 80' lang='lat' dir='ltr'><strong>(a)</strong></span> <span class='ocrx_word' id='word_1_164' title='bbox 419 3868 495 3935; x_wconf 68' lang='lat' dir='ltr'><strong>capit.</strong></span> <span class='ocrx_word' id='word_1_165' title='bbox 512 3870 529 3916; x_wconf 83' lang='lat' dir='ltr'><strong>a</strong></span> <span class='ocrx_word' id='word_1_166' title='bbox 547 3861 670 3930; x_wconf 67' lang='lat' dir='ltr'><strong>statuat</strong></span> <span class='ocrx_word' id='word_1_167' title='bbox 682 3865 719 3915; x_wconf 78' lang='lat' dir='ltr'><strong>su</strong></span> <span class='ocrx_word' id='word_1_168' title='bbox 737 3867 800 3916; x_wconf 70' lang='lat' dir='ltr'><strong>sunt</strong></span> <span class='ocrx_word' id='word_1_169' title='bbox 815 3867 875 3923; x_wconf 75' lang='lat' dir='ltr'><strong>sla.</strong></span> <span class='ocrx_word' id='word_1_170' title='bbox 892 3864 949 3934; x_wconf 66' lang='lat' dir='ltr'><strong>cap.</strong></span> <span class='ocrx_word' id='word_1_171' title='bbox 967 3865 1009 3914; x_wconf 78' lang='lat' dir='ltr'><strong>rt.</strong></span> 
     </span>
    </p>
   </div>
   <div class='ocr_carea' id='block_1_8' title="bbox 0 0 1472 4892">
    <p class='ocr_par' dir='ltr' id='par_1_8' title="bbox 0 0 1472 4892">
     <span class='ocr_line' id='line_1_25' title="bbox 0 0 1472 4892; baseline 0 1"><span class='ocrx_word' id='word_1_172' title='bbox 0 0 1472 4892; x_wconf 95' lang='lat' dir='ltr'><strong> </strong></span> 
     </span>
    </p>
   </div>
  </div>
 </body>
</html>
