2934 4892
786 475 826 534 22

323 707 347 774 i.
375 708 402 773 e'.
431 707 546 773 villam
571 705 790 796 possidentes,
812 713 1016 792 quapropter
1030 700 1166 767 Places
1191 698 1295 766 Gene-

324 843 414 910 ralis
440 844 635 933 (algemeene
653 835 987 923 Graven·gerichten)
1010 833 1218 903 dicebantur.

312 1055 314 1062 Α
366 979 406 1043 ln
429 977 470 1042 iis
491 939 542 1042 ab
555 974 711 1043 omnibns
725 976 763 1038 in
778 974 920 1038 crimina
939 970 1175 1061 inquirebatur
1189 992 1293 1058 eaqne

323 1111 563 1202 puniebantur,
573 1123 743 1200 praeterea
757 1104 990 1177 immobilium
1003 1105 1198 1172 traditiones
1212 1129 1291 1171 con·

323 1249 547 1326 firmabantur
561 1259 594 1314 et
614 1249 642 1314 ii
659 1247 783 1338 quibus
799 1204 1157 1312 tradebantuieorum
1171 1265 1292 1334 posses-
1335 1275 1339 1282 ·

323 1387 414 1452 sione
448 1384 732 1469 investiebantnr,
765 1385 841 1450 lites
870 1384 1012 1470 denique
1042 1382 1157 1448 civiles
1189 1381 1291 1446 etiam
1349 1424 1359 1431 -

322 1501 598 1586 decernebantur.
644 1521 679 1587 Si
697 1488 810 1587 autern
825 1543 935 1584 unum
956 1520 1142 1585 alterumve
1165 1517 1292 1583 horum

320 1658 395 1722 fieri
410 1659 525 1724 statim
540 1682 610 1723 non
630 1671 740 1747 posset
749 1657 912 1732 sententia
927 1657 965 1721 in
983 1679 1120 1745 sequens
1128 1658 1291 1747 placitum

320 1797 480 1883 generale
503 1792 741 1860 differrebatnr
768 1794 822 1878 vel
842 1795 913 1859 dies
929 1797 1116 1884 singularis
1137 1815 1165 1857 s.
1177 1796 1293 1881 parti·

322 1895 449 1997 asilaus
472 1929 701 2013 indicebatur,
726 1929 802 2017 qui,
833 1930 962 1995 ratione
984 1897 1100 1994 babita
1130 1929 1293 2018 temporis

321 2068 546 2135 conveniendi
570 2067 876 2142 entraordinarnsm
897 2079 932 2131 et
950 2042 1081 2132 ratione
1097 2069 1219 2152 placiti
1232 2090 1293 2157 ge-

323 2203 659 2306 neralissimam
679 2206 732 2271 vel
745 2210 852 2269 minus
860 2207 1020 2290 placebam
1041 2202 1214 2268 dicebatur
1235 2202 1291 2294 (1)
1366 2214 1369 2217 '

322 2313 366 2408 Iri
383 2339 425 2408 iis
439 2341 579 2408 ¹tantum
601 2342 740 2406 aderant
767 2342 879 2410 Omnes
895 2339 1025 2430 (Graaf)
1049 2342 1102 2407 vel
1124 2346 1196 2423 ejus
1220 2341 1293 2406 loco

130 2485 132 2492 ’
191 2471 194 2478 ’
251 2561 252 2566 ¹
273 2455 276 2460 ³
302 2525 305 2535 ι
324 2480 363 2544 V
361 2485 510 2545 ioecomes
522 2478 638 2562 (etiam
649 2479 804 2546 Vicarius
813 2478 1105 2546 vel¹Canceilsrius
1118 2459 1244 2565 dictus)
1260 2489 1295 2542 et

321 2615 350 2678 ii
373 2623 508 2708 tantum
529 2611 750 2679 Scabinorum
763 2612 984 2709 (Schepenen)
998 2639 1023 2678 s.
1037 2614 1206 2697 judicum,
1223 2614 1295 2700 qui-

263 2832 265 2837 ·
324 2749 386 2813 bus
407 2749 579 2814 indictum
601 2735 672 2814 erat
703 2749 832 2831 judicio
854 2775 881 2814 s.
903 2750 1028 2839 placito
1057 2761 1098 2814 ut
1119 2733 1237 2814 et'reis
1261 2748 1295 2812 et

323 2883 463 2950 testibus
486 2886 605 2950 adesse.
652 2883 740 2951 Cum
763 2886 914 2974 plurima
934 2909 1014 2954 vero
1033 2885 1137 2969 iacta,
1152 2899 1228 2975 post
1241 2908 1294 2950 re-

324 3021 460 3106 ligionis
471 3019 678 3086 Christianae
702 3021 740 3086 in
762 3021 905 3088 Saxonis
918 3022 1206 3088 introductionem
1227 3023 1294 3087 ori-

325 3156 427 3222 minis
451 3157 588 3222 nomine
610 3157 858 3242 indicarentur,
880 3161 927 3240 (v.
951 3183 981 3226 o.
1003 3160 1132 3225 artium
1153 3159 1293 3245 magica·
1331 3218 1335 3229 .

233 3365 238 3374 ,
324 3293 405 3357 r'um
421 3291 599 3376 exercitio,
622 3293 836 3379 sacrilegium
857 3306 936 3379 etc.)
958 3318 1042 3383 quse
1060 3308 1157 3374 antea
1169 3295 1293 3361 aSaxo-

324 3427 423 3492 nibus
442 3427 534 3492 inter
555 3427 699 3493 crimina
719 3451 790 3496 non
813 3429 1059 3516 referebantur,
1084 3454 1177 3522 saepe
1204 3433 1285 3497 acci-

307 3541 404 3629 dere
427 3564 544 3630 debuit
567 3577 607 3642 ut,
629 3567 804 3632 noluerint
824 3568 903 3632 talia
925 3567 1011 3641 facta
1034 3569 1149 3648 liberi,
1173 3569 1210 3636 in
1227 3571 1293 3659 pla-

334 3755 637 3769 »Ἥ

359 3872 397 3940 (1)
410 3839 492 3923 arun.
507 3867 570 3938 '111.,
589 3892 612 3939 p.
632 3874 689 3921 rsa.
711 3872 745 3936 s).
