2934 4892
638 510 708 609 77·

176 736 365 803 liberorum
377 759 449 826 „per
468 738 595 823 judicia
617 762 675 803 sua
689 749 806 804 contra
820 762 1017 824 aggressores
1026 760 1144 807 eorum

56 923 63 929 -
175 874 365 941 securitatis
386 874 558 954 studium,
590 846 730 940 effecisse
761 876 896 941 videtur
919 888 979 960 ut,
1014 866 1145 943 foedere

175 1010 287 1094 inito,
318 1010 531 1075 criminalem
553 1011 594 1075 de
615 1010 683 1076 suis
701 1012 856 1099 'personis
870 972 1145 1097 'jurisdictionem

176 1152 249 1211 non
265 1115 397 1211 tantum
418 1146 689 1248 conservaverint
709 1147 766 1211 sed
781 1159 814 1211 et
829 1158 940 1236 postea
956 1170 1028 1213 eam
1043 1172 1145 1236 quam

151 1247 153 1255 .
174 1283 325 1349 maxime
341 1282 379 1346 in
398 1294 541 1347 caeteros
564 1283 648 1370 quin
670 1294 703 1347 et
725 1304 787 1371 per
801 1294 907 1348 totam
917 1284 1143 1365 Germaniam,

173 1430 210 1483 et
233 1440 328 1507 saepe
349 1441 419 1483 non
436 1415 585 1501 frustra,
606 1419 786 1483 extendere
812 1419 922 1484 conati
942 1418 1010 1483 sint
1029 1418 1087 1510 (1).
1149 1404 1156 1409 ⁸

192 1558 197 1571 '
218 1556 356 1620 Frustra
376 1556 477 1623 variis
502 1555 710 1645 temporibus
733 1557 844 1622 conati
862 1569 941 1621 sunt
963 1559 1154 1647 Imperato7

128 1787 130 1792 Ι
169 1712 225 1757 res
245 1713 307 1779 per
326 1714 420 1780 paces
436 1692 587 1781 publicas
603 1660 1058 1785 (Landvredeslreipublicae
1070 1706 1143 1773 tur·

171 1826 265 1891 balae
291 1828 440 1914 quietem
460 1829 611 1895 reddere.
663 1828 814 1917 Conutur
837 1831 922 1914 hoc,
954 1832 1006 1897 ΑΟ.
1036 1834 1141 1915 1187,

170 1963 363 2029 Fridericua
381 1966 414 2029 1:
434 1964 625 2030 consociant
647 1987 691 2047 ae,
717 1966 771 2031 A0.
806 1970 908 2050 1259,
938 1968 1053 2057 plures
1073 1991 1142 2035 no-

169 2099 253 2166 biles
277 2094 319 2165 et'
340 2100 439 2166 urbes
463 2102 504 2165 ad
515 2102 673 2169 Rhenum
696 2101 896 2169 inferiorem
919 2126 998 2169 cum
1023 2103 1144 2169 Archi-

170 2237 327 2327 episcopo·
357 2236 572 2303 Coloniensi:
602 2260 698 2327 paces
725 2236 880 2327 publicae
911 2240 1142 2329 (Landvredea)

169 2374 246 2439 ΑΨ.
271 2377 374 2457 1325,
402 2377 503 2456 1371,
531 2376 615 2439 1385
636 2373 674 2437 in
694 2373 906 2462 Westphalia
927 2374 1143 2462 promulgan-

168 2522 230 2572 tur
247 2534 256 2594 ;
274 2511 330 2574 sed
361 2509 444 2597 quid
477 2486 547 2599 pari
572 2510 600 2574 si
633 2509 723 2573 nulli
751 2512 822 2595 ejus
855 2510 1033 2577 servandae
1063 2532 1142 2574 cura
1189 2484 1209 2509 ⁹

169 2644 549 2732 committiturjudicio
575 2646 652 2711 satis
673 2647 813 2738 potenti
835 2658 869 2711 et
888 2647 1073 2730 honorato,
1103 2657 1143 2710 ut

167 2784 347 2850 sententias
364 2808 438 2849 suas
456 2785 593 2871 exsequi
613 2784 730 2874 possit.
776 2784 863 2850 Cum
889 2783 997 2867 igitur
1017 2783 1056 2845 in
1070 2768 1142 2847 cae·

168 2918 250 2984 teris
277 2919 476 2986 Germaniae
501 2900 661 3009 partilius
685 2919 779 2984 huuc
811 2917 850 2983 in
881 2916 985 3015 finem
1015 2918 1142 3003 judicia

167 3056 349 3140 singularia
370 3057 791 3148 (Lendsvredesgerichten)
815 3055 903 3121 dicta
923 3052 1143 3121 institueban-

168 3204 239 3276 tur,
265 3193 389 3258 hocin
411 3186 768 3284 Westphalia‘necesse
788 3193 888 3258 fuisse
911 3215 980 3257 non
994 3160 1141 3259 videtur.
1180 3163 1183 3171 Α
1215 3246 1217 3253 .

166 3329 218 3397 lbi
232 3331 325 3397 enim
345 3332 473 3417 judicia
493 3331 641 3415 Vemica,
656 3335 727 3416 jam
751 3329 791 3395 ab
813 3330 1054 3418 antiquissimis
1078 3331 1140 3396 iu·-

167 3500 173 3507 .

165 3521 320 3535 ...ω-4,..-
324 3527 398 3537 0...-

201 3654 239 3723 (1)
256 3676 270 3700 u
282 3656 346 3704 llenn
364 3656 405 3705 tu
421 3643 518 3707 (leticht
535 3660 567 3706 iat
576 3656 627 3705 (lem
636 3659 710 3706 (luten
720 3674 763 3706 aur
772 3657 887 3719 atirknug
896 3653 944 3703 und
954 3652 1006 3701 dam
1016 3652 1090 3700 Boaen
1098 3667 1142 3699 zur

164 3770 270 3823 attolle?
287 3772 363 3838 llahn,
385 3773 401 3823 l.
419 3773 437 3823 l.
453 3792 476 3839 p.
486 3739 542 3822 cot.
562 3773 681 3840 wlganii,
698 3791 722 3839 p.
740 3774 798 3821 6114.
818 3770 869 3820 1“1(1
887 3768 1071 3820 exterminandas
1089 3784 1141 3815 ma·
1155 3820 1167 3825 ,

167 3868 242 3939 loram
259 3887 412 3970 1111111111.η
426 3892 452 3939 in
470 3890 525 3941 noe.
543 3884 595 3939 Ml.
608 3891 676 3939 iata
695 3881 754 3955 lurp.
772 3889 849 3938 Caroli
867 3888 913 3938 tv.
