2934 4892
147 801 150 809 ,
179 732 359 827 praedatio.
400 736 450 797 ll.
477 725 699 823 lnlirmorusn
721 740 755 794 et
778 730 996 797 tabellionum
1011 730 1145 821 deprae-

181 872 282 937 datio.
321 874 372 935 12.
394 870 613 937 Contumaces
632 869 645 953 (
667 867 692 956 ).

189 1049 192 1055 -
224 1006 278 1073 Ob
299 1008 363 1072 alia
388 1008 493 1093 igitur
514 1006 646 1099 praeter
670 1003 752 1071 hacc
767 1006 909 1072 crimina
923 1006 1013 1095 apud
1024 1004 1150 1091 judicis

180 1143 481 1231 chica'aliquem
517 1164 668 1207 accusare
688 1165 759 1207 non
783 1139 913 1206 licebat.

223 1284 256 1343 ³.
280 1277 328 1345 De
352 1279 406 1344 his
428 1278 646 1363 criminibus,
665 1278 695 1343 si
717 1279 804 1344 actio
823 1278 912 1369 apud
935 1277 1149 1345 ordinarium

179 1391 327 1501 judicein
357 1412 477 1516 absque
511 1426 634 1483 eventu
666 1414 821 1481 instituta
843 1423 935 1496 erat,
957 1412 1153 1497 jurisdictio

169 1549 371 1641 perfluebat
390 1550 432 1615 ad
444 1549 594 1636 judicem
607 1549 803 1633 vomicam,
820 1548 890 1616 siv‘e
904 1568 979 1613 rcus
991 1560 1072 1614 esset
1082 1547 1154 1613 ali-

182 1686 256 1773 quis
279 1684 432 1768 scabinus
453 1684 558 1771 liber,
586 1684 653 1753 sivo
678 1698 869 1751 extraneus
919 1684 1081 1774 Exceptio
1100 1684 1155 1751 vi·-
1178 1768 1180 1773 Ι

183 1820 282 1887 (letus
299 1818 509 1905 obtinuisse,
534 1822 563 1887 si
587 1820 694 1888 socius
718 1819 841 1906 judicii
871 1820 1003 1889 Vemici
1026 1817 1066 1885 ab
1088 1819 1178 1902 alis

181 1956 269 2021 socio
299 1958 524 2039 accusaretur,
555 1956 602 2021 ila
646 1968 702 2035 ul,
734 1954 799 2021 hoc
824 1955 863 2021 in
885 1976 979 2040 casu,
1006 1956 1154 2042 judicem

179 2087 355 2157 chicum
380 2091 495 2158 statim
518 2090 560 2156 sb
587 2092 690 2158 initio
710 2090 805 2157 adire
827 2088 916 2173 juris
940 2100 1032 2155 esset.
1119 2120 1121 2127 ¹

227 2231 259 2291 4.
284 2226 433 2314 Denique
457 2226 621 2293 accusatio
642 2227 680 2293 in
704 2226 833 2319 judicio
856 2225 1063 2293 clandestino
1088 2222 1156 2315 (die

180 2361 319 2446 heilige,
343 2362 542 2430 heimelicle
566 2364 669 2454 Acht)
690 2365 764 2431 ficri
787 2386 857 2430 non
879 2374 1012 2455 poterat
1042 2362 1108 2427 nisi
1134 2386 1152 2426 a

182 2497 315 2563 scabino
336 2497 452 2565 libero.
500 2499 551 2566 Ab
577 2500 640 2565 hac
663 2493 757 2567 enim
780 2498 890 2567 formu
910 2498 1031 2587 judicii
1049 2510 1156 2565 caete-

118 2646 122 2660 ·
185 2631 216 2697 ri
240 2646 336 2699 erant
359 2636 488 2703 exclusi
519 2636 578 2727 (2).

185 2957 239 3022 lll.
263 2957 443 3025 Bistisoctso
465 2982 594 3048 reorum
617 2963 652 3024 in
674 2962 778 3025 socios
801 2961 869 3024 sice
884 2963 983 3024 scitos
998 2968 1030 3024 et
1042 2970 1157 3026 extra·

227 3119 302 3161 neos
323 3107 355 3163 el
374 3102 473 3163 vada
487 3122 555 3188 pro
576 3098 639 3165 hac
660 3096 849 3187 dsfflrentia
868 3099 994 3189 agendi
1011 3104 1109 3167 ratio.

224 3270 523 3357 Distinguebantur
546 3274 597 3338 rei
621 3273 658 3337 iu
672 3279 777 3340 socios
791 3298 817 3339 s.
836 3279 936 3341 scitos
951 3272 1156 3363 (Wissendc)

183 3416 215 3469 el
242 3406 279 3470 iu
299 3418 472 3475 extrancos
491 3434 516 3475 a.
541 3408 795 3500 (Unwissende).

215 3613 253 3684 (l)
270 3617 302 3667 V.
312 3618 486 3687 Seuclsuberg‚
502 3620 521 3670 1.
529 3619 548 3674 Ι.
561 3620 592 3671 V.
602 3620 631 3687 1,
645 3637 669 3686 p.
685 3622 734 3680 08,
744 3631 780 3669 ecl
791 3621 844 3670 bil.
854 3623 885 3686 ⁸,
898 3620 1077 3669 llelormalionis
1086 3619 1172 3668 Arno·

182 3732 255 3798 bflgi·
273 3734 391 3803 Wistml,
404 3734 702 3804 ll.p.oco,sqq.p1ases
723 3736 782 3787 alias
801 3747 920 3788 enumerat
939 3738 1009 3785 series
1028 3736 1159 3784 criminum.

134 3881 136 3888 ·
219 3848 256 3917 (ὃ)
272 3852 372 3915 Usener,
391 3853 408 3903 l.
426 3851 443 3904 l.
459 3870 483 3919 p.
500 3857 542 3902 28.
799 3834 801 3847 ¹
