2934 4892
799 504 840 565 78

334 736 375 801 de
409 733 617 823 temporibus
643 732 803 825 rigentia,
836 742 871 797 et
900 730 1009 796 forma
1040 730 1199 818 entique,
1233 752 1299 819 que

274 954 280 968 .
337 872 555 956 tenebantur,
588 892 689 959 aeque
713 868 762 935 'nc
790 866 929 936 honoris
959 882 993 933 et
1016 868 1164 951 justitiae
1185 889 1299 935 amore

330 1008 487 1094 judicum
513 992 631 1075 eoruin
660 1007 817 1075 omnibus
839 1019 937 1090 nota,
962 1005 1078 1072 forum
1108 1017 1298 1097 competens

296 1124 300 1132 Ι
333 1142 534 1227 efficiebant,
572 1154 649 1209 ante
681 1144 770 1229 quod
800 1143 876 1208 lites
909 1142 950 1207 de
967 1164 1047 1232 pace
1067 1140 1200 1231 publica
1226 1140 1300 1209 vio-

332 1282 399 1345 lata
419 1293 515 1344 erant
550 1281 732 1345 trahendae
762 1291 795 1344 et
827 1278 948 1368 quibus
980 1302 1099 1345 eorum
1136 1278 1301 1346 vindictae

331 1438 450 1481 curam
488 1418 708 1506 Imperatores
752 1418 983 1505 relinquerent
1014 1416 1074 1505 (1).
1133 1418 1225 1481 Hanc
1257 1414 1302 1483 ob

329 1578 462 1619 causam
495 1555 695 1644 posteriores
728 1578 824 1644 paces
870 1555 1023 1644 publicae
1066 1550 1302 1642 (Landvredes)

287 1694 292 1705 '
331 1693 463 1756 nullam
491 1693 698 1758 mentionem
725 1694 986 1781 particularium
1012 1692 1222 1779 judiciorum
1253 1692 1305 1757 sa·

327 1829 443 1912 ciunt,
475 1834 559 1916 quin
589 1841 625 1895 et
651 1852 805 1919 expresse
838 1831 879 1896 de
906 1830 1013 1895 officio
1041 1852 1104 1920 per
1128 1830 1206 1895 istas
1235 1852 1304 1919 pa-

326 1988 382 2030 ces
402 1966 540 2051 judiciis
566 1965 711 2034 Vemicis
734 1968 894 2059 imposito
911 1980 1014 2051 agunt
1043 1966 1102 2056 (1).
1124 1967 1221 2035 Unde
1252 1965 1301 2032 fn·

331 2100 394 2166 cile
429 2103 514 2168 effici
547 2116 679 2193 potest,
703 2105 798 2191 ¹quid
828 2105 1043 2171 statuendum
1076 2105 1120 2169 sit
1157 2105 1198 2169 de
1228 2103 1303 2168 istis

331 2237 574 2328 scriptoribus,
611 2239 736 2326 quide
761 2239 932 2321 judicibus
958 2240 1104 2308 Vemicis
1128 2253 1302 2329 tamquam

329 2372 1299 2466 perturbatoribuspacispublicaestandvrede)loquantur.
1335 2401 1341 2405 ·

297 2717 299 2720 ¹
361 2659 400 2729 (l)
416 2660 515 2710 Pseibns
538 2660 589 2709 iuis
605 2656 769 2727 (Lundrredes)
787 2658 877 2725 judicia
900 2658 994 2707 Venice
1012 2658 1124 2724 originem
1141 2672 1206 2707 snam
1223 2668 1301 2707 tanen

329 2749 423 2827 minine
440 2777 534 2842 debent,
550 2793 624 2845 neque
641 2792 694 2826 cnm
703 2775 860 2840 Kindlingero
869 2774 1026 2840 statuendum,
1037 2774 1129 2841 judiees
1138 2754 1248 2825 Veniens
1257 2791 1300 2823 re·

328 2908 401 2945 terem
417 2895 516 2958 sornam
531 2904 556 2943 et
571 2894 751 2959 competentiam
764 2891 905 2955 judiciorum
922 2890 981 2941 hunc
998 2890 1027 2941 ob
1045 2905 1137 2941 cansam
1154 2901 1299 2941 nnnc'reve·

328 3027 401 3059 casse.
435 3010 465 3058 V.
484 2999 589 3073 Wigrnd
599 3045 611 3071 ‚
628 3007 647 3057 l.
664 3007 682 3056 l.
699 3008 764 3069 tet,
780 2984 820 3055 lt<
838 3008 880 3055 41.

362 3125 410 3194 (2)
428 3126 480 3173 »lte
498 3124 526 3173 de
542 3122 684 3172 observando
699 3140 779 3189 pacem
796 3124 883 3188 regiam
899 3124 925 3171 in
942 3122 1067 3171 Westfrlia
1084 3125 1110 3172 in
1126 3124 1232 3173 omnibns
1250 3128 1300 3174 suis
1383 3169 1385 3173 .

327 3242 442 3309 punctis,
466 3242 543 3306 ipsum
561 3249 585 3287 et
601 3237 704 3287 officinm
720 3256 788 3287 snum
806 3237 998 3311 cpncernentibns
1009 3237 1031 3289 :'’
1048 3241 1073 3289 in
1089 3241 1227 3289 investitura
1245 3257 1298 3289 curn
1326 3228 1328 3235 Ι

327 3358 428 3409 comecir
444 3356 518 3405 libem
535 3350 588 3404 Mi.
604 3355 680 3405 1³85.
693 3354 775 3407 Kintl.
794 3354 840 3421 111,
857 3356 882 3421 Β,
902 3352 942 3409 Νθ.
961 3356 1018 3421 179,
1035 3373 1059 3422 p.
1077 3356 1137 3406 605.
1155 3354 1212 3405 Inde
1225 3360 1297 3413 etiam

328 3474 500 3541 explicandum,
519 3489 590 3540 qnare
609 3488 678 3537 paces
694 3470 802 3536 publicae
825 3471 1028 3537 westphalienses
1055 3471 1109 3521 aliis
1126 3436 1299 3541 nonnumquam

328 3590 433 3657 exemplo
449 3589 582 3638 servierint.
599 3588 631 3639 V.
647 3547 760 3652 iffigand,
779 3586 854 3652 ttp.
872 3588 929 3637 492.
957 3588 994 3638 Cf.
1008 3588 1084 3655 Kopp.
1097 3589 1115 3638 l.
1125 3589 1144 3640 l.
1159 3606 1183 3656 p.
1199 3590 1233 3638 ts
1249 3606 1299 3657 sqq.

328 3716 352 3755 et
367 3724 539 3775 nonnumquam
555 3722 601 3771 pax
613 3704 708 3772 publice
732 3702 886 3771 (Landvrerle)
905 3720 972 3753 carre
987 3678 1104 3755 nominata
1122 3710 1161 3756 sit.
1178 3682 1300 3777 wlgani,

328 3823 348 3874 ι.
363 3823 382 3873 1.
398 3840 425 3890 p.
439 3826 507 3889 ssa,
523 3825 564 3873 no.
581 3826 623 3875 ts.

741 3952 904 3979 »Q—
