2934 4892
650 488 694 554 37

190 733 278 787 recte
295 723 442 813 imperio
452 695 611 792 ‘serviunt
631 726 738 792 antei
757 725 884 790 tributa
903 727 1049 793 solvunt.
1083 724 1158 791 Sae-

188 863 259 926 culo
274 859 390 924 xillae
414 873 569 945 exeunte,
592 862 737 947 dignitas
750 873 862 927 autem
877 860 1064 927 liberorum
1079 872 1158 927 tm·

186 1010 305 1088 topere
325 1001 515 1066 decreverat
536 1012 576 1064 ut
600 1021 720 1066 eorum
740 999 869 1065 ordinis
895 1000 946 1064 nil
971 1000 1036 1065 nisi
1062 1011 1158 1066 vetus

186 1134 308 1222 aliquis
324 1135 432 1236 forma
458 1147 646 1202 remaneret
665 1148 765 1224 atque
786 1136 908 1201 caeteri
927 1135 1000 1202 fere
1014 1137 1159 1227 ampli-ns

187 1269 355 1356 nesciant,
378 1271 460 1359 qnid
483 1295 605 1337 nomen
628 1272 719 1368 istud
741 1273 906 1358 significet
928 1272 989 1363 (1).

231 1410 360 1474 Interea
384 1409 421 1472 in
447 1420 517 1472 tota
539 1367 717 1491 Germania
750 1431 889 1512 magnae
913 1409 1076 1475 oriuntur
1105 1411 1160 1477 vel

184 1549 255 1632 jam
274 1547 315 1610 ad
338 1545 429 1610 finen
449 1545 629 1634 perductae
647 1557 727 1610 sunt
755 1546 1045 1611 commutationes.
1091 1547 1158 1611 lm·

186 1694 356 1772 peratores
379 1683 489 1766 enim,
510 1681 552 1746 ad
570 1705 653 1769 quos
671 1693 767 1746 antea
782 1704 882 1747 omne
900 1681 1114 1775 territorium
1126 1695 1161 1748 et

168 1887 171 1898 ,
187 1820 314 1884 reditus
330 1819 409 1885 inde
426 1819 632 1909 profluentes
651 1817 877 1908 pertinebant,
894 1821 1018 1886 sensim
1029 1833 1064 1886 et
1080 1820 1161 1888 libe·

68 1962 73 1972 ’
186 1956 319 2023 talitate
341 1967 375 2020 et
394 1955 566 2022 debilitate
588 1955 703 2023 aliisve
717 1979 761 2022 ex
777 1957 882 2022 causis
899 1957 1012 2023 omnia
1031 1956 1090 2024 ills
1103 1957 1157 2024 fe·

186 2117 223 2160 re
244 2093 421 2160 amittunt.
468 2091 600 2158 Nobiles
633 2104 667 2156 et
691 2075 968 2177 oleruspdomini
992 2095 1160 2162 territorii
1253 2086 1256 2090 ⁵

185 2225 283 2312 facti,
307 2231 385 2314 jura
411 2225 631 2292 territorialia
647 2250 673 2292 s.
697 2226 901 2308 majestaticis
920 2229 1158 2318 (Lenda-beer-

185 2366 265 2455 lijke
289 2369 418 2449 regten)
440 2363 478 2428 in
499 2385 537 2429 eo
555 2373 725 2446 exercent3
741 2341 941 2430 Liberorum
964 2377 1079 2432 autem
1097 2370 1157 2453 ju-

185 2503 273 2568 dicia
296 2502 335 2566 in
359 2497 572 2588 Westphalis
589 2498 699 2563 adbuc
719 2497 884 2564 existunt.
902 2501 1044 2590 Propter
1063 2503 1160 2588 igno-

185 2639 333 2705 rantiam
350 2635 400 2702 rei
422 2635 534 2717 enim,
555 2633 795 2722 impotentiam
811 2631 954 2716 forsitan
970 2657 1005 2700 ea
1025 2638 1159 2702 exstir-
1188 2659 1194 2670 ·

184 2776 289 2867 pandi
311 2774 365 2841 vel
379 2771 592 2860 antiquitatis
611 2770 836 2837 reverentiam
858 2770 992 2836 domini
1011 2773 1158 2856 territo-

178 2914 282 2983 ·riales
301 2911 338 2974 in
357 2905 568 2995 Westphalia
591 2894 783 2990 concessisse
798 2903 959 2990 videntur
975 2917 1016 2970 ut
1034 2931 1159 2998 parvus

183 3052 246 3117 iste
267 3028 435 3115 ¹numerus
458 3042 648 3110 liberorum
664 3063 735 3106 non
758 3041 939 3107 ordinariis
958 3043 1157 3110 territoria-

182 3186 273 3255 }ibus
288 3182 425 3268 judiciis
447 3179 655 3271 (Gangraven
670 3175 832 3266 gerichte)
846 3169 1018 3251 subessent¹
1027 3179 1083 3244 sed
1096 3177 1159 3246 sub

184 3321 366 3390 comitibus
381 3317 449 3384 suis
463 3316 585 3408 placita
601 3315 740 3402 antiqua
761 3325 874 3378 tenere
891 3318 1080 3403 pergerent.
1096 3315 1159 3383 Ar·
1273 3402 1276 3405 1

183 3460 395 3552 chiepiscopo
417 3453 614 3522 Coloniense
637 3473 718 3520 vero
742 3452 825 3516 duce
851 3445 1033 3535 Saxoniae5
1057 3451 1157 3519 Anno
1188 3484 1191 3489 ·

177 3611 429 3678 W

214 3749 253 3819 (ι)
269 3746 389 3814 wigand,
404 3763 429 3812 p.
447 3747 496 3794 ioo
513 3741 556 3791 ln.
567 3741 600 3790 1³
617 3727 659 3790 ‘an
676 3741 717 3808 qn
734 3739 844 3790 ateana
862 3735 935 3785 ntea
952 3736 1095 3788 nauatae
1115 3732 1156 3802 qui

184 3890 197 3917 ιι
205 3868 333 3934 vulgariter
358 3881 431 3931 vryen
459 3856 622 3928 appellantur'’
640 3867 682 3908 stc.
717 3857 754 3906 lte
770 3857 795 3906 in
814 3853 959 3904 documentis
975 3865 1095 3905 vocantur.
