2934 4892
653 493 693 554 ³3

78 767 81 770 -
188 744 254 810 quo
285 721 424 788 nomine
445 733 522 786 ente
543 743 625 786 saec.
650 719 727 790 XIV
757 723 794 785 in
828 723 925 788 nullo
956 721 1156 787 documento
1204 734 1209 741 “

129 847 131 860 '
188 837 446 942 insigniuntur„
464 871 571 946 neque
583 858 719 946 judicia
754 857 794 923 V
790 862 894 924 mico
922 856 1015 948 (licet
1035 879 1160 924 nomen

189 993 228 1059 V
225 1015 291 1058 eme
316 998 388 1075 jam
410 957 506 1058 antee
537 987 705 1078 occurrat)
729 993 826 1083 prins
849 994 1060 1075 dictasunt,
1082 995 1161 1082 quis

183 1128 249 1192 hoc
280 1123 436 1195 nomine
459 1153 583 1194 memma
611 1153 638 1194 s.
668 1133 842 1219 sanguinis
867 1130 1002 1217 judicia
1027 1130 1159 1195 indicc—
1178 1091 1203 1157 Ἰ

150 1331 152 1339 s
178 1245 326 1329 bantur.

232 1401 363 1469 Ultimo
386 1402 530 1490 denique
551 1390 627 1468 loco
641 1399 738 1468 nobis
752 1401 930 1494 Viffiignndii
941 1402 1104 1469 sententis
1120 1402 1161 1467 de

185 1536 314 1620 origine
334 1535 543 1619 judiciorum
562 1535 771 1611 vemicorum
787 1548 837 1602 est
850 1536 1060 1626 exponenda,
1077 1559 1161 1623 quse

184 1671 351 1760 expositio
380 1672 461 1736 adeo
492 1670 664 1736 difficilior
692 1683 757 1756 est,
784 1672 875 1758 quod
897 1693 970 1737 enm
992 1693 1083 1749 non,
1106 1670 1161 1734 uti

184 1805 270 1873 feres
301 1831 416 1874 omnes
446 1809 589 1893 caeteri,
617 1808 781 1873 inlinens
808 1804 927 1897 paucas
950 1805 1162 1874 contraxerit
1258 1889 1260 1898 y

183 1944 239 2009 sed
260 1967 340 2010 cum
364 1955 435 2009 toto
458 1966 558 2033 opere
580 1943 628 2038 ita
652 1943 843 2010 contexerit
865 1955 997 2008 utnon
1011 1942 1160 2009 nisiims

184 2081 331 2174 perfecte
353 2093 387 2145 et
408 2079 606 2145 summatim
628 2079 706 2168 (nisi
725 2085 818 2162 justo
839 2080 1005 2165 longiores
1022 2102 1089 2145 esse
1108 2086 1182 2146 ve-‘

182 2219 300 2304 limus)
324 2203 429 2283 exeo
452 2215 536 2282 effici
558 2215 688 2312 possit..
773 2257 776 2260 -
865 2302 867 2309 y

226 2355 341 2420 Monet
362 2352 528 2444 plurimas
542 2349 659 2441 easque
674 2351 914 2419 diversissimas
929 2353 970 2418 de
984 2374 1022 2418 es
1036 2376 1074 2418 re
1086 2312 1161 2420 ien-

185 2489 303 2554 tentics
325 2511 457 2579 semper
480 2500 594 2554 tamen
616 2487 746 2575 aliquid
769 2489 841 2556 veri
863 2491 1057 2574 continere,
1080 2492 1160 2582 plu-

183 2648 236 2690 res
258 2625 347 2690 enim
371 2625 512 2690 fuerunt
535 2647 654 2690 rerum
676 2637 815 2692 eventus
829 2626 889 2712 qui
911 2627 985 2694 vim
1006 2650 1101 2692 suam
1120 2627 1159 2694 in

181 2761 240 2828 ills
262 2761 390 2844 judicia
403 2773 642 2846 exercuerunt,
654 2762 710 2826 sed
727 2784 807 2826 cum
820 2762 924 2826 multi
939 2763 1002 2827 uni
1017 2763 1158 2829 illorum
1216 2783 1218 2788 ·

181 2899 373 2965 tribuerent
384 2899 485 2988 ·quod
500 2897 656 2964 omnibus
678 2909 749 2964 erat
766 2897 999 3009 tribuendum,
1016 2921 1086 2964 non
1096 2869 1182 2988 pos

165 3019 377 3134 ‚teratquin
399 3058 588 3124 numquam
609 3058 724 3102 veram
747 3036 788 3103 ad
804 3034 968 3122 originem
983 3034 1162 3103 invenien-

183 3173 262 3240 dam
285 3173 476 3259 detegerent
497 3173 600 3240 viam.

227 3309 353 3378 Statuit
376 3321 506 3375 antem:

231 3451 276 3511 1⁰.
299 3445 427 3511 iudicia
445 3446 758 3530 ⁸remica,hist0rice
772 3471 852 3516 cum
870 3449 1036 3516 institutis
1050 3448 1162 3516 Caroli

183 3571 297 3666 Magni
319 3554 500 3663 conjuncta
521 3596 612 3648 sunt.
652 3589 706 3650 2⁰.
730 3585 944 3673 Numquam,
967 3583 1163 3651 taliforma
1196 3619 1220 3645 π
1248 3670 1250 3675 Α

181 3715 324 3804 induta,
348 3720 439 3806 quali
456 3720 699 3812 posterioribus
713 3721 925 3812 temporibus
944 3719 981 3811 (i.
1001 3743 1030 3785 e.
1047 3743 1162 3786 soecu-

185 3851 226 3920 lis
248 3853 410 3944 inprimis
435 3856 537 3926 X1V2⁰
561 3869 595 3922 et
617 3857 716 3946 xpo)
739 3857 983 3938 innotuerunt,
1006 3858 1162 3924 instituta
1208 3875 1213 3886 “

997 3974 1024 4037 ,3
