2934 4892
631 520 670 578 25

169 745 280 812 omnia
294 746 373 828 illa,
385 745 437 809 uti
451 747 633 812 rectissime
642 746 792 816 observat
806 751 920 818 Kindl.
929 753 994 838 111,
1007 777 1043 842 p.
1054 759 1130 843 179,

168 879 232 947 hoc
253 880 355 945 moso
382 859 574 946 accidebant
596 893 636 946 ut
662 883 750 948 nuri
772 906 890 951 eorum
904 887 1002 954 initia
1017 903 1051 955 et
1076 891 1132 957 in-

168 1027 340 1082 crementa
358 1015 397 1080 in
423 1017 533 1082 oculos
552 1017 715 1083 caderent.

212 1152 343 1218 Judicis
356 1151 657 1223 comitumsensim
668 1156 897 1246 paulatimque
911 1169 1024 1224 tamen
1039 1161 1131 1224 mul·
1221 1241 1229 1254 ·

170 1301 220 1354 tas
236 1286 410 1371 obeamus,
430 1287 589 1378 inprimis
600 1287 643 1356 ob
657 1281 862 1358 exemtionea
873 1294 914 1359 cd
930 1294 1134 1380 angustiores

170 1425 252 1490 fines
288 1423 417 1517 redacta
452 1423 603 1491 fuerunt.
650 1426 806 1526 Episcopi
827 1427 1029 1514 enim,'jam
1055 1390 1149 1503 inde

167 1559 208 1630 ab
229 1571 333 1626 aetate
356 1559 470 1626 Caroli
491 1561 603 1645 Magni
616 1560 655 1626 in
680 1561 817 1628 clericos
835 1587 910 1629 suos
926 1565 980 1632 vel
991 1566 1134 1649 colonos,

167 1674 263 1763 villas
297 1695 446 1799 ecclesiae
471 1695 717 1782 inhabitantes,
753 1699 842 1764 nacti
874 1712 953 1765 sunt
988 1701 1136 1789 aliquam

166 1844 364 1922 potestatem
385 1833 599 1920 judiciariam
620 1834 677 1900 sed
704 1835 777 1919 illi,
806 1838 867 1924 qni
886 1838 973 1903 hanc
990 1847 1136 1931 potesta·
1191 1814 1195 1818 ι
1296 1909 1300 1918 ,

167 1981 256 2055 tem,
275 1971 349 2038 loco
366 1970 516 2060 ‚episcopi
537 1971 590 2037 vel
614 1969 739 2037 abbatis
757 1972 958 2040 exercebant
980 1987 1014 2040 et
1026 1975 1135 2045 Adro-

43 2183 50 2197 ἱ
167 2108 233 2172 cati
260 2106 312 2195 (V
310 2107 453 2196 oogden,
488 2105 526 2171 V
523 2103 606 2196 ogia)
627 2106 847 2190 dicebantur,
871 2133 944 2178 eam
968 2114 1135 2179 extende-
1198 2152 1200 2155 ·
1295 2202 1298 2210 Ι

120 2245 124 2254 ’
169 2255 274 2323 runt,
307 2265 410 2331 usque
425 2244 563 2310 demum
586 2245 688 2309 boum
709 2223 1054 2337 regioveatiti,plcne
1067 2248 1136 2315 fere

64 2399 68 2410 ·
166 2401 232 2444 sese
256 2377 392 2470 judiciis
420 2355 585 2444 comitum
611 2376 855 2444 subtraxerint.
884 2374 889 2384 ’

210 2516 367 2584 Alterum
397 2514 560 2580 damnum
592 2513 718 2601 judicia
751 2515 918 2582 comitum
946 2541 1037 2607 passa
1058 2531 1141 2586 sunt,

155 2675 228 2743 per
247 2673 376 2717 nexum
400 2649 566 2722 feudalem
589 2649 879 2742 (Lcennsamelusp)
890 2653 931 2719 de
945 2659 1042 2736 cujus
1056 2655 1137 2722 liti-

164 2789 225 2855 bus
239 2790 277 2856 in
291 2788 434 2879 proprio
452 2787 581 2874 judicio
594 2788 857 2880 (Marmgeriolaet)
869 2789 1135 2876 cognoscebatur.

134 2925 335 3022 gPraeteree
358 2925 473 3014 plures
495 2925 532 2989 in
549 2923 639 2990 diem
654 2937 747 3012 ortae
765 2937 845 2990 sunt
860 2925 959 2992 urbes
970 2939 1136 3011 recentes,

157 3083 247 3148 vquae
275 3060 451 3126 territorio
479 3084 560 3144 suo,
592 3072 629 3125 et·
659 3061 739 3127 inde
761 3061 1054 3147 jurisdictionem
1078 3084 1155 3147 ec‚·

123 3273 125 3277 ,
165 3198 314 3282 augendo
340 3198 443 3264 etiem
464 3197 630 3286 comitum
651 3197 925 3280 jurisdictionem
941 3222 1005 3290 per
1028 3223 1139 3267 exem·

167 3334 273 3400 tiones
291 3311 477 3420 fregerunt
523 3333 617 3400 Hisce
632 3333 730 3400 rebus
751 3347 865 3400 autem
886 3335 1014 3402 factum
1032 3349 1080 3403 est
1099 3350 1139 3402 ut

166 3471 249 3538 fines
277 3485 309 3536 et
341 3472 554 3539 territorium
575 3470 784 3554 judiciorum
800 3471 975 3539 Comitum
1003 3472 1139 3538 tandem
1226 3463 1231 3466 ’

164 3609 212 3672 ita
238 3604 428 3673 obscuratae
453 3619 552 3696 atque
578 3607 726 3674 discissae
757 3607 827 3673 sint
852 3600 892 3671 ut
912 3617 1047 3670 tantum
1075 3605 1138 3683 riis

166 3743 265 3845 regiis
302 3756 400 3832 atque
429 3745 628 3812 fluminibus
672 3745 833 3834 amplius
857 3744 1072 3810 cohaererent
1104 3757 1138 3810 et

166 3902 236 3966 nop
265 3880 316 3945 uti
353 3893 448 3946 antea
482 3905 591 3976 unum
628 3876 718 3968 quasi
742 3903 863 3970 corpus
888 3878 1055 3946 efficerent
1082 3880 1138 3946 sed
1235 3895 1240 3907 '
