2934 4892
792 437 935 555 76Ι

332 737 424 793 nerto
456 726 579 791 certius
610 724 650 801 in
685 724 822 805 judiciis
854 746 918 788 esse
949 724 1165 813 puniendam.
1219 725 1294 811 Quo

322 854 434 945 'magis
456 861 548 925 enim
569 861 643 947 quis
664 860 857 948 delinquere
882 860 995 936 volens
1014 882 1047 923 se
1060 860 1181 925 certius
1194 862 1297 949 puni-t

330 1010 407 1063 tum
424 998 470 1062 iri
492 998 697 1089 perspiciat,
728 1020 767 1062 eo
798 996 928 1061 facilius
947 1020 980 1061 se
1004 1022 1022 1061 a
1046 996 1188 1063 crimine
1208 969 1292 1085 per-

329 1136 493 1230 petrando
527 1133 713 1200 abstinebit.
762 1134 842 1199 Inde
865 1135 976 1219 igitur
1004 1136 1128 1200 omnia
1149 1136 1221 1199 illa·
1229 1133 1298 1203 foe

329 1271 407 1335 dera
432 1273 558 1355 majora
586 1280 620 1333 et
643 1268 776 1333 minora
805 1267 1022 1357 explicanda,
1047 1290 1130 1356 quae
1156 1270 1296 1336 Genna-

328 1407 386 1470 nia
415 1406 484 1471 illia
507 1406 644 1471 saeculis
680 1406 782 1489 tulit,
816 1406 898 1497 inde
927 1403 1041 1470 foedus
1065 1405 1170 1469 Hansa
1195 1406 1299 1490 vulgo

315 1543 458 1620 ,dictum
470 1594 480 1624 ,
518 1545 596 1608 inde
629 1542 745 1642 foedus
783 1524 1013 1625 Helvetioum,
1046 1542 1125 1606 inde
1159 1542 1295 1639 tanatem

303 1638 443 1745 ''foedus
462 1678 677 1743 scabinorum
709 1675 775 1765 (het
796 1658 1101 1766 sahepenverbond),
1123 1678 1211 1765 quod
1223 1678 1297 1745 vim

241 1795 267 1865 ἰ
313 1808 423 1879 'suam
446 1836 508 1902 per
529 1814 657 1899 judicia
683 1812 811 1880 remica
833 1836 858 1877 s.
882 1812 987 1878 libera
1012 1836 1190 1896 exercens,
1217 1826 1295 1879 tan-2

327 1944 442 2041 tope're
467 1952 519 2015 his
538 1949 674 2037 judiciis
696 1950 860 2014 innotuit.

290 2081 292 2084 ¹
369 2088 422 2151 Ex
449 2086 562 2175 parvis
582 2086 692 2149 initiis
712 2077 934 2173 probabiliter
956 2098 1089 2168 ortum,
1110 2083 1232 2151 sensim
1253 2088 1294 2151 ad

324 2246 491 2288 summam
509 2224 605 2287 illam
627 2222 699 2289 rim
721 2224 893 2311 pervenit,
919 2247 982 2311 qua
1006 2225 1140 2289 tandem
1161 2247 1223 2313 per
1245 2237 1295 2295 to

324 2323 405 2445 uin·
416 2357 631 2425 Germaniam
655 2358 827 2423 inclaruit.
873 2360 1014 2443 Ingenui
1028 2360 1118 2425 enim
1133 2360 1295 2449 superui,

325 2508 392 2575 tes,
422 2520 441 2558 a
472 2494 785 2579 circumjacentibus
814 2478 953 2563 vasallis
975 2497 1143 2586 oppressi,
1165 2496 1295 2563 ahlm-

322 2622 478 2719 peratore
498 2606 635 2717 quidem
654 2619 765 2714 adhuc
784 2632 909 2696 directe
923 2632 1144 2720 dependentes
1155 2634 1211 2725 sed
1223 2637 1294 2720 ejus

295 2835 298 2845 ,
322 2768 494 2833 auxilium
522 2768 646 2833 frustra
669 2770 905 2859 implorantes,
928 2792 997 2833 uno
1021 2772 1109 2858 quod
1131 2770 1172 2835 iis
1194 2795 1295 2861 supe-

322 2899 413 2969 rerat
447 2905 595 2971 remedio
626 2906 678 2969 usi
705 2918 795 2969 sunt.
847 2906 1089 2972 Consociarunt
1118 2912 1240 2996 nempe
1261 2930 1295 2985 se

322 3054 356 3107 et
377 3040 531 3121 foedere,
554 3035 790 3110 verisimiliter
811 3043 937 3122 initio,
970 3045 1078 3131 quoad
1110 3063 1294 3111 numerum
1345 3105 1350 3119 ,

322 3149 493 3243 sociorum
514 3202 642 3268 parvo;
664 3180 757 3244 inter
772 3203 805 3244 se
828 3181 927 3264 inito,
951 3192 1142 3246 statuerunt
1166 3194 1205 3246 ut
1222 3184 1296 3271 qui-

322 3303 468 3402 cunque
482 3325 552 3379 tam
581 3290 749 3407 sooiorum
772 3337 873 3400 quam
895 3315 1038 3379 aliorum
1061 3326 1114 3381 eos
1135 3316 1296 3400 laederet,

320 3448 359 3513 in
383 3448 514 3535 judicia
535 3472 605 3532 sua,
629 3449 889 3533 Vemioa-diota,
913 3450 1116 3533 traheretur,
1141 3472 1235 3537 quae,
1254 3448 1294 3518 ab

321 3583 561 3672 antiquissimis
592 3584 671 3649 inde
707 3584 918 3674 temporibus
948 3585 1062 3649 eadem
1084 3610 1163 3650 oum
1184 3584 1294 3651 forma
1351 3581 1354 3588 ’

320 3733 467 3804 servata,
493 3733 664 3809 tamquam
685 3743 738 3785 aes
757 3719 892 3788 abavia
914 3721 994 3787 filiis
1017 3723 1148 3791 relictas
1185 3732 1217 3789 et
1234 3728 1296 3785 'sas
1381 3768 1382 3771 ,

320 3863 459 3923 'crorum
482 3859 589 3923 instar
609 3857 772 3924 colebant.
808 3858 943 3923 Mutuae
958 3859 1072 3943 'igitur
1095 3849 1295 3949 defensionis
