2934 4892
766 455 901 556 104'-

315 721 352 788 si
365 731 436 786 tota
449 719 534 787 'urba
548 721 721 804 citaretur,
734 721 835 804 vulgo
850 731 985 785 tantum
998 742 1090 785 sexus
1103 720 1281 792 masculini

315 852 505 920 citabantur
525 855 586 943 qui
602 878 703 945 supra
718 878 848 921 annum
871 858 912 919 12
931 854 984 922 vel
1003 858 1042 932 14
1062 864 1096 919 et
1113 854 1202 920 infra
1220 876 1295 921 ani·-

254 1031 256 1034 -
316 1014 401 1057 num
425 996 468 1057 70
490 993 604 1059 aetatis
626 1004 733 1059 essent
753 990 811 1075 (1).
834 991 1063 1058 Si-extraneus
1077 987 1213 1056 nullum
1225 974 1283 1059 do·

313 1127 482 1193 micilium
504 1126 653 1209 haberet,
672 1129 788 1196 eodem
802 1094 954 1217 tempore
967 1127 990 1192 i.
1009 1092 1038 1193 ei
1049 1131 1078 1215 x6
1098 1125 1281 1195 hebdoma-

312 1261 409 1328 dibus
433 1274 467 1327 et
494 1267 514 1328 3
545 1261 661 1329 diebus
689 1274 866 1351 antequam
879 1262 1058 1349 'judicium
1084 1261 1280 1347 tenebatur,

313 1409 458 1484 quatuor
474 1398 648 1471 citationes
673 1398 823 1488 compito
847 1396 1085 1483 affigebantur,
1107 1420 1190 1486 quae
1211 1418 1284 1493 ver·

312 1508 367 1597 sus
402 1533 573 1618 regionem
600 1502 788 1617 Borealem,
819 1531 1046 1617 Orientalem,
1080 1533 1284 1601 Meridiona-

286 1747 289 1753 Ι
312 1640 381 1734 lem
406 1680 440 1733 et
462 1667 712 1734 Occidentalem
730 1672 841 1734 versae
866 1690 930 1733 esse
956 1662 1118 1734 debebant
1136 1670 1192 1757 (2).

356 1804 396 1867 lu
412 1802 542 1887 judicio
563 1801 701 1893 publico
715 1825 773 1869 reo
786 1803 954 1895 praesenti
971 1824 1004 1868 ae
1013 1801 1190 1869 defendere
1204 1802 1286 1869 lice-

312 1939 391 2024 bat,
412 1940 469 2005 sed
491 1939 540 2022 si,
559 1938 779 2030 permittente
796 1938 930 2025 judice,
962 1950 1130 2005 accusator
1153 1962 1232 2005 cum
1261 1945 1285 2005 6
1303 2014 1306 2021 Α

312 2072 453 2140 scabinis
467 2071 582 2139 liberis
597 2074 952 2140 consacramentalihus
968 2098 1001 2141 se
1024 2076 1055 2141 ei
1078 2090 1281 2167 opponeret,

312 2232 413 2299 aeque
432 2232 567 2275 omnem
586 2231 680 2299 spem
694 2208 765 2274 fere
781 2179 897 2274 salutis
916 2209 947 2275 ei
965 2212 1162 2299 praeclusit,
1182 2238 1285 2302 quam

311 2344 392 2409 siin
410 2343 579 2429 judicium
591 2356 756 2409 secretum
768 2344 888 2411 citatus
902 2344 1016 2411 fuisset
1031 2346 1090 2433 (3).
1107 2347 1142 2413 si
1157 2342 1285 2416 veroin

310 2477 439 2580 judicio
454 2476 591 2569 publico
612 2492 780 2544 accusatus
797 2502 830 2545 se
854 2480 1005 2565 sisteret,
1026 2481 1076 2547 ibi
1097 2482 1189 2549 causa
1210 2496 1284 2550 erat

313 2615 546 2697 terminanda,
567 2616 623 2681 sed
639 2616 669 2680 si
682 2584 766 2682 -non
800 2580 944 2700 adesset,
979 2620 1211 2686 condemnatio
1244 2622 1284 2687 in

248 2768 251 2778 '
313 2730 560 2818 contumaciam
581 2754 696 2818 locum
710 2750 833 2818 habere
849 2752 986 2819 debebat
1001 2804 1009 2838 ,
1024 2756 1114 2842 'quae
1129 2780 1200 2823 non
1217 2758 1285 2823 nisi

315 2887 355 2966 in
365 2886 495 2972 iudicio
510 2900 635 2955 secreto
650 2887 726 2953 fieri
746 2889 879 2979 potuit,
906 2912 1008 2978 quare
1030 2912 1083 2958 res
1098 2904 1180 2959 tunc
1194 2917 1212 2958 e
1224 2897 1291 2980 ju-'

154 3046 159 3056 ¹
258 3056 267 3083 .’
312 3023 402 3091 dicio
419 2999 613 3147 puhlipoiu
638 3036 803 3091 secretum
826 3025 1015 3127 transibat(
1037 3026 1062 3117 ).
1167 3082 1168 3085 ,
1280 3022 1282 3027 ’

347 3287 388 3357 (1)
405 3289 461 3343 vit.
475 3288 606 3355 exemplum
619 3290 681 3356 apud
698 3291 804 3357 Usener,
823 3291 841 3342 l.
857 3292 873 3339 Ι.
891 3309 916 3357 p.
936 3293 993 3357 170,
1009 3291 1049 3342 Ne.
1064 3295 1107 3343 38.

345 3401 384 3472 (Ι)
400 3403 477 3452 Etiam
493 3420 555 3452 nuuc
571 3413 663 3452 moneta
681 3408 747 3469 regia
765 3406 1053 3472 addebatur.⁴V.Berek,
1072 3408 1115 3462 l.l.
1136 3412 1236 3475 pm.

347 3522 383 3590 (8)
398 3520 541 3585 Wigandd.
559 3521 577 3571 l.
595 3538 620 3587 p.
632 3522 788 3590 ate-417,
807 3524 846 3574 abi
863 3526 934 3577 affert
951 3527 1088 3593 exemplum.

347 3634 387 3703 (4)
403 3634 525 3702 Wigaud,
543 3652 566 3702 p.
585 3615 646 3702 ate,
659 3634 701 3685 N2.
715 3640 760 3687 18:
777 3658 790 3685 u
802 3638 839 3688 die
848 3636 918 3705 klage
936 3641 971 3689 sol
988 3641 1062 3705 gehen
1069 3658 1135 3690 usser
1145 3642 1196 3691 dem
1206 3643 1282 3711 offen·

314 3753 387 3800 dam
392 3748 564 3823 saepedum
570 3751 619 3800 und
626 3752 729 3802 witthan
738 3754 763 3801 in
773 3752 818 3803 den
826 3751 1286 3807 tataelutanactt’A2'².1ato.ttiat-'

314 3868 406 3933 linger,
420 3866 438 3916 i.
455 3866 473 3916 l.
491 3866 521 3915 V.
540 3866 563 3933 i,
577 3868 607 3932 μ’
619 3870 652 3920 18
670 3884 721 3935 sqq.
740 3871 900 3954 transitionem
916 3871 980 3922 ittam
990 3882 1107 3923 noureete
1123 3872 1231 3939 explieat.
