2934 4892
652 471 694 531 47

193 721 320 794 gentes,
344 707 540 776 dimittendi
561 706 625 798 (1):
657 710 769 776 omnia
790 723 960 799 praeterea
980 714 1159 806 Imperato

191 847 238 911 ris
269 850 346 933 jura
375 871 442 934 quo
470 847 511 912 ad
537 869 704 912 summam
727 847 941 933 judiciariam
963 865 1159 942 potestatem

191 983 229 1048 in
263 986 333 1069 ejus
361 983 435 1048 loeo
464 985 626 1047 'exercere
656 993 824 1071 poterant:
884 984 1022 1052 Judiciis
1046 987 1161 1056 liberis

190 1120 297 1186 adesse
326 1140 506 1206 curamque
538 1139 729 1209 supremam
750 1119 791 1184 de
818 1117 860 1185 iis
881 1142 1038 1190 exercere
1059 1138 1092 1190 et
1115 1127 1161 1192 li-

156 1347 161 1354 ·
190 1257 285 1324 beros
317 1254 474 1321 'scabinos
512 1253 786 1343 (vrijschepenen)
827 1255 948 1340 eligere
982 1271 1160 1348 poterant:

190 1389 356 1461 tribunali
379 1389 522 1478 denique
548 1386 736 1455 liberorum
755 1390 939 1474 comitum,
957 1393 1087 1460 sedium
1108 1396 1165 1462 do'·

188 1526 363 1592 minorum
384 1536 420 1590 et
437 1522 652 1590 scabinorum
670 1525 709 1590 in
725 1548 793 1613 quo
804 1521 963 1614 'querelae
984 1528 1164 1596 audieban·
1263 1556 1265 1561 ·

174 1674 264 1744 ¹tur,
287 1661 541 1728 reformationes
563 1660 747 1728 edebantur
771 1674 805 1726 et
827 1661 865 1726 in
884 1662 983 1732 rebus
1002 1667 1162 1733 secundae

96 1856 98 1860 .
186 1799 363 1888 instantiae
378 1781 548 1887 j'udioium
568 1799 757 1882 ferebatur,
780 1799 841 1864 tali
864 1798 1049 1888 tribunali,
1069 1806 1160 1893 quod
1243 1887 1248 1902 Ι

185 1959 277 2002 nunc
303 1935 485 2023 Arnsbergi
501 1935 686 2002 hebebatur
704 1940 882 2026 peaeerant
899 1938 959 2027 (2).

230 2073 317 2141 Cum
331 2084 443 2138 autem
457 2073 508 2140 vie
524 2086 557 2139 et
571 2077 713 2164 potestas
728 2072 938 2166 jndiciorum
952 2074 1161 2142 vemieorum
1202 2102 1206 2114 ’

186 2205 227 2275 ad
252 2233 426 2274 summum
445 2208 617 2294 fastigium
642 2221 884 2299 pervenerant,
908 2211 1162 2302 Archiepiseopi

186 2345 396 2414 Colonienaes
410 2368 528 2412 eorum
544 2319 730 2434 potentiam
751 2341 995 2433 quodammodo
1010 2360 1162 2415 metuere

184 2498 386 2576 coeperunt,
411 2507 476 2572 que
502 2495 644 2573 propter
668 2505 800 2548 summa
826 2505 889 2574 ope
911 2485 989 2550 nixi
1013 2497 1092 2550 sunt
1120 2497 1161 2551 ut

182 2627 260 2709 jura
278 2645 337 2687 sua
355 2619 513 2709 acquisita
523 2621 567 2685 iis
577 2620 796 2710 imperatores
809 2631 1011 2687 renovarent
1024 2633 1058 2686 et
1070 2645 1158 2710 oon-

150 2731 153 2740 ,
183 2759 376 2843 firmarent,
404 2759 489 2847 quin
510 2770 545 2824 et
567 2757 788 2824 extenderent
814 2756 870 2847 (3).

227 2899 419 2980 iusserunt,
447 2896 534 2960 hane
565 2893 607 2960 ob
632 2918 784 2978 causam,
808 2893 1050 2982 imperatores,
1067 2894 1159 2961 inter

183 3034 268 3118 elia,
289 3039 403 3100 bmnes
426 3031 563 3097 comites
585 3030 727 3114 liberos,
752 3042 792 3095 ut
805 3027 1066 3118 Archiepiseopo
1081 3026 1160 3127 obe·

183 3170 345 3235 dientiam
375 3180 583 3258 praestarent
605 3165 651 3256 (4)
683 3179 716 3232 et
735 3170 790 3256 jus
812 3166 979 3232 dederunt
1000 3156 1158 3231 oondem-

189 3369 390 3384 *nn-——a--an

194 3484 196 3488 Ι
216 3502 254 3573 (Ι)
271 3459 377 3569 Diploain
393 3492 513 3569 reeep'tum
530 3510 567 3550 est
584 3496 646 3566 apud
662 3497 781 3564 wigoni,
799 3496 817 3548 1.
826 3496 843 3546 l.
855 3497 898 3546 snb
913 3495 954 3546 lin
963 3495 1027 3545 111.-

214 3617 254 3688 (θ)
270 3617 389 3686 wigoni,
406 3618 424 3668 l.
435 3616 452 3668 l.
469 3634 494 3683 p.
511 3617 570 3670 202.
585 3615 661 3664 Antea
678 3611 842 3677 Harmodi,
859 3628 882 3660 v.
899 3611 970 3662 infra.
986 3611 1009 3678 §
1021 3612 1046 3661 4.
1112 3680 1116 3691 ¹

214 3741 253 3809 (a)
266 3739 351 3805 taem,
368 3738 385 3787 1.
403 3737 420 3786 1.
436 3755 461 3803 p.
477 3739 537 3787 en.
555 3745 580 3784 a
596 3695 692 3799 inps,
711 3731 729 3782 ι.
747 3731 765 3782 1.
780 3729 804 3796 §-
819 3731 872 3778 aaa
889 3747 925 3796 sq.

214 3853 252 3922 (⁴)
269 3851 317 3904 ilos
334 3851 422 3919 fiebat,
439 3851 479 3900 A0.
497 3852 565 3900 144⁰
583 3849 614 3900 V.
631 3847 753 3914 Wigand,
772 3848 790 3898 l.
808 3844 824 3895 Ι.
841 3863 866 3912 p.
884 3848 944 3895 eol.
